3086 4968
634 475 723 517 CAPUT
734 477 790 516 ‘m
1183 477 1275 520 XCVII*

152 645 282 708 auset
300 647 418 719 aaa,
449 620 509 704 ion
533 642 639 706 vinens
664 643 713 704 lue
735 644 839 706 metat
865 644 1073 724 imperfectum
1094 663 1163 706 esse
1187 646 1266 724 quoe
1376 723 1377 728 p

153 751 281 812 oonatm
304 739 407 810 dieunt
425 746 621 827 grammatici.
659 748 690 809 id
713 747 793 830 qnod
815 745 1006 808 Burmannus
1028 748 1192 826 intellexit,
1215 751 1293 838 qni!

152 855 347 933 otmtomqroe
364 852 469 914 ruebat
490 854 522 911 in
538 855 638 912 'mem
658 851 715 912 hoe
732 850 820 912 modo
843 850 1059 932 interpretatus
1073 855 1135 913 est:
1151 843 1266 914 ‘simul-

154 975 216 1038 qnc
235 953 355 1042 strictox
370 955 471 1036 gladio
500 957 628 1016 mortem
655 954 712 1016 sibi
731 954 844 1016 interne
869 946 1047 1035 parabat‘
1072 987 1115 1000 -·
1137 959 1201 1017 302
1223 958 1266 1016 in·

146 1059 242 1139 fectis
263 1061 345 1120 vittis
367 1056 447 1137 quod
467 1057 536 1118 libri
556 1057 670 1117 habent
687 1054 802 1117 Valerii
822 1070 883 1118 non
901 1075 972 1117 esse
988 1059 1079 1138 patet.
1109 1056 1267 1119 Heinsium

155 1161 244 1246 sequ
265 1160 427 1237 usuum,
450 1160 501 1238 qu
524 1141 640 1222 aaut
662 1161 767 1223 macte
788 1163 897 1241 ponae
917 1159 1063 1237 renunt,
1086 1179 1268 1241 quamquam
1336 1161 1338 1166 ’
1429 1215 1440 1234 ,

155 1265 297 1328 cornibus
310 1262 422 1328 Bacchi
441 1261 563 1324 vincula
580 1261 690 1325 iniecta
711 1282 781 1324 esse
802 1281 862 1325 non
882 1264 1007 1344 pulchre
1028 1263 1131 1326 lictum
1153 1267 1209 1326 est
1232 1299 1269 1312 -

156 1369 238 1442 456,
261 1366 301 1428 de
331 1383 389 1446 qun
413 1381 506 1428 versu
535 1365 721 1428 emendando
743 1365 937 1433 Burmannus
960 1367 1149 1450 desperavit,
1177 1371 1269 1432 auda·

157 1470 307 1532 cisslmam
337 1467 456 1532 Heinsii
482 1469 684 1532 coniecturam
710 1469 812 1552 recepi
839 1476 871 1533 et
899 1471 1007 1552 scripsi
1034 1491 1105 1534 com
1125 1474 1187 1534 iam
1207 1493 1271 1537 ητα·
1359 1517 1361 1524 ,

156 1579 229 1637 ooo
250 1574 375 1637 mooe
395 1573 497 1637 mea
518 1578 547 1636 et
567 1577 699 1637 miramo
722 1593 753 1636 ec
767 1571 903 1652 flccerot
923 1593 980 1636 oce
996 1573 1170 1652 Beniamin
1185 1574 1269 1638 Veti-

157 1693 233 1740 cano
255 1677 335 1738 enim
354 1677 473 1757 legitur,
488 1697 581 1758 nequa
600 1681 679 1740 onim
701 1698 741 1739 m.
756 1699 783 1740 r.
795 1698 819 1738 s.
839 1681 868 1739 ct
888 1681 1054 1740 octrumum
1072 1676 1231 1757 suffocent
1242 1699 1268 1742 a

156 1785 296 1845 tomam.
337 1780 425 1842 hodie
465 1779 566 1842 dubito
596 1801 667 1842 num
701 1784 783 1842 recte
816 1801 835 1842 a
871 1781 981 1844 codicis
1018 1782 1270 1862 praestantissimi

157 1885 329 1948 testimonio
349 1887 413 1946 tam
432 1885 525 1963 longe
544 1882 730 1946 recesserim.
763 1899 832 1945 oum
848 1884 929 1945 enim
949 1885 980 1946 in
994 1903 1087 1946 versu
1100 1887 1163 1946 499
1179 1884 1271 1947 lason

157 2007 214 2069 per
241 1987 343 2048 sidera
366 1987 447 2048 iuret
467 1987 596 2050 Medeae
616 1989 691 2048 nutu
713 1985 866 2050 redeuntia
893 1992 925 2048 et
952 1989 1097 2050 inversu
1121 1991 1184 2050 538
1207 1989 1269 2050 llio·

158 2095 219 2156 dee
238 2095 399 2174 postquam
424 2110 492 2152 oum
513 2091 622 2152 Iasone
635 2089 740 2152 multe
761 2089 908 2153 collocuta
929 2092 970 2153 sit
990 2097 1023 2152 et
1043 2090 1151 2153 Martis
1170 2091 1272 2154 lucum

37 2225 39 2230 ·
158 2197 268 2262 adierit
287 2198 341 2259 etot
360 2198 504 2258 cetram
525 2196 641 2258 camme
658 2194 690 2254 in
710 2194 817 2256 urbem
834 2195 966 2258 rediisse
986 2198 1136 2271 narretur,
1158 2197 1190 2258 in
1204 2216 1271 2257 ver·

160 2301 243 2364 sibus
266 2300 306 2360 de
327 2297 435 2380 quibus
457 2299 559 2378 agitm
571 2297 712 2360 Vaticani
731 2298 881 2379 scriptura
900 2299 1029 2359 tortasse
1050 2297 1147 2360 teneri
1162 2301 1272 2381 potest,

160 2417 221 2466 une
243 2400 400 2481 suffecerat
420 2421 495 2464 voce
523 2404 555 2464 in
583 2401 744 2482 sufficerat
763 2405 895 2478 mutata,
922 2401 1001 2482 quod
1029 2399 1089 2462 iam
1118 2401 1149 2462 in
1175 2400 1272 2489 Bono-

159 2507 259 2568 niensi
285 2504 415 2568 editione
442 2507 554 2568 factum
580 2509 635 2568 est.
672 2511 707 2568 ut
734 2506 809 2568 haec
832 2505 873 2568 sit
898 2525 1042 2566 versuum
1062 2504 1183 2566 illorum
1205 2524 1272 2566 sen-

161 2610 272 2671 tentie:
292 2627 390 2689 neque
411 2611 491 2670 enim
513 2611 614 2672 sidera
635 2629 814 2691 quemquam
837 2609 955 2671 occasui
977 2610 1095 2670 matura
1117 2613 1203 2670 erant
1225 2627 1273 2670 oa-

160 2713 288 2788 debent,
316 2727 384 2772 oum
409 2731 427 2773 a
456 2711 565 2774 Medea
592 2713 717 2792 magicis
746 2713 862 2776 artibus
892 2711 923 2770 in
951 2713 1034 2771 caelo
1061 2710 1273 2788 retinerentur,
1379 2721 1381 2728 '
1418 2713 1420 2727 '

161 2835 239 2897 quae
269 2813 423 2893 effecerat,
458 2819 493 2876 ut
525 2815 637 2877 Bootes
671 2837 788 2899 quoque
818 2815 856 2878 ad
883 2815 984 2895 polum
1011 2811 1164 2875 Aroticum
1192 2815 1273 2876 fixus

161 2921 266 2982 staret.
298 2919 419 2998 poetam
441 2903 587 2979 excusare
610 2920 742 2980 voluisse
768 2919 920 3000 suspicor,
940 2917 1019 2997 quod
1044 2920 1164 2978 noctem
1193 2918 1274 2979 illam
1397 2933 1400 2939 ’

162 3029 223 3085 tam
241 3024 363 3100 longam
376 3022 469 3082 fuisse
482 3016 610 3084 finxerit.
621 3057 659 3066 -
681 3025 744 3082 514
767 3021 906 3103 qnoniam
918 3019 1062 3082 Valerius
1082 3019 1171 3082 deicit
1190 3022 1273 3082 vocis

162 3129 309 3210 syllabam
333 3126 458 3207 primam
484 3125 649 3208 producere
673 3125 779 3186 solitus
800 3129 863 3200 est,
894 3143 962 3184 oum
979 3122 1066 3185 Italis
1090 3123 1160 3183 dedi
1182 3123 1273 3187 dacii

161 3234 230 3294 hauc
244 3250 300 3313 pro
322 3250 398 3292 auco
420 3229 517 3306 deicit,
540 3230 620 3308 quod
633 3227 799 3291 Vaticanus
821 3230 852 3288 et
869 3225 1025 3287 Parisinus
1040 3227 1190 3288 exhibent.
1220 3229 1274 3288 sed

162 3356 230 3397 cum
257 3356 334 3397 cuce
362 3333 470 3395 vocula
496 3335 620 3412 propter
648 3352 724 3394 cuae
751 3353 806 3394 oro
833 3333 910 3394 levat
938 3349 1015 3411 quac
1040 3331 1102 3390 512
1129 3330 1274 3410 leguntur

162 3459 256 3520 aegre
284 3420 440 3500 careamus
468 3441 500 3498 et
528 3456 596 3498 cum
624 3436 759 3498 ilittera
779 3438 810 3498 in
830 3433 1002 3515 compositis
1022 3434 1107 3494 verbi
1128 3434 1208 3513 quod
1226 3435 1275 3495 est

161 3545 260 3604 iacere
279 3539 457 3613 Quintiliani
480 3541 615 3620 tempore
635 3539 748 3601 vocalis
763 3541 859 3602 instar
875 3539 966 3599 luerit
984 3538 1031 3614 (of.
1046 3536 1119 3598 Luc.
1133 3537 1274 3620 Muelleri

162 3648 200 3709 de
230 3665 264 3708 re
293 3647 379 3706 metr.
402 3646 481 3724 poet.
507 3641 572 3706 Lat.
595 3662 673 3722 pag„
689 3646 780 3722 250),
801 3643 944 3705 librorum
969 3641 1150 3722 scripturam
1171 3639 1273 3701 dubito

161 3770 233 3811 num
268 3752 349 3812 recte
381 3747 576 3826 neglexerim.
619 3767 718 3828 neque
747 3747 826 3808 enim
855 3747 1000 3807 absonum
1029 3747 1090 3820 est,
1119 3743 1275 3806 Valerium

163 3853 198 3915 de
220 3852 368 3932 syllabam
393 3852 518 3931 propter
544 3849 679 3911 vocalem
700 3849 909 3928 insequentem
932 3847 1121 3930 corripuisse.
1144 3881 1186 3889 —
1211 3846 1275 3905 550

161 3959 251 4036 tuque
281 3957 365 4016 tuum
395 3955 488 4015 morti
514 3953 645 4017 Graium
674 3951 713 4014 do
739 3957 810 4015 uoto
840 3952 996 4026 draconem
1017 3947 1275 4032 Eyssenhardtius

163 4056 297 4133 coniecit,
322 4075 390 4117 cum
411 4053 578 4116 Vaticanus
600 4055 709 4117 habeat
724 4060 842 4139 purtim
861 4056 1002 4119 Graium.
1037 4052 1091 4114 sed
1106 4053 1196 4134 putri
1214 4069 1276 4111 vox

163 4179 253 4239 quam
275 4158 419 4220 Heinsius
443 4158 575 4230 restituit
596 4177 688 4238 aegre
709 4158 914 4233 desideratur,
945 4161 980 4218 ut
1004 4157 1122 4217 mittam
1143 4152 1278 4236 Eyssen-

162 4263 273 4325 hardtii
301 4263 352 4324 illa
382 4264 443 4323 tam
467 4259 616 4322 difficilem
645 4261 755 4320 habere
779 4260 978 4333 intellectum,
1006 4260 1041 4318 ut
1062 4276 1101 4316 ne
1123 4256 1279 4318 Valerium

220 4365 293 4414 ranzo,
315 4367 366 4408 vau
381 4363 416 4403 m.
1050 4378 1067 4425 g
