3110 4972
695 429 719 469 0.
734 427 841 470 mm
856 429 956 470 mccl

363 580 554 662 armipotens.
598 583 671 643 tuno
691 585 780 665 porta
800 583 895 646 moes
917 583 978 645 coit
998 583 1095 645 iniere
1114 583 1192 645 belli

363 686 503 748 contiuno
523 687 598 748 daut
619 689 709 766 terge
728 690 812 749 metu
834 688 977 768 versique
998 707 1053 769 per
1073 707 1165 767 agros

364 789 540 870 diffugiunt,
561 809 637 872 quae
658 791 723 852 sols
741 792 839 853 salust
862 811 917 852 nec
936 795 1026 870 terga
1046 797 1188 854 ruentum
1320 798 1383 856 255

362 913 448 956 mens
470 893 583 976 Minyis
604 913 750 956 conversa
772 893 873 974 sequi;
895 895 981 956 stetit
1000 897 1093 958 anxia
1114 895 1219 959 virtus.

362 1017 432 1060 ecoe
452 999 514 1060 levi
535 997 650 1080 primos
672 997 732 1060 iam
755 1016 900 1078 spargere
920 998 1032 1060 lumine
1054 1004 1160 1080 portus
1270 979 1273 986 ⁴

363 1107 429 1164 orta
450 1103 515 1164 dies
537 1105 686 1183 notaeque
708 1101 818 1180 (nefas)
843 1101 995 1164 albescere
1016 1107 1125 1166 turres.

357 1198 402 1267 ‘di
419 1197 518 1268 maris’
539 1205 664 1268 attonito
686 1205 851 1268 conclamat
870 1206 909 1266 ab
931 1207 1051 1287 agmine
1072 1207 1188 1290 Tiphys

357 1301 405 1371 ‘ut
426 1328 494 1372 mea
515 1307 598 1370 fatali
620 1309 786 1370 damnastis
806 1310 929 1390 pectora
950 1315 1070 1373 somno!
1318 1319 1382 1376 260

362 1417 422 1478 heu
439 1414 511 1476 socii
533 1412 654 1494 quantis
674 1413 851 1494 complerunt
873 1413 962 1474 litora
980 1407 1151 1477 monstrisl'
1192 1414 1194 1422 '

361 1519 403 1582 illi
426 1522 526 1581 autem
545 1536 644 1597 neque
666 1517 763 1579 adhuc
783 1515 915 1595 gemitus
938 1536 1035 1598 neque
1057 1519 1175 1580 conscia
1196 1519 1267 1580 faeti

361 1642 415 1686 ora
434 1623 553 1696 levant;
578 1623 664 1682 tenet
687 1637 844 1698 exangues
865 1619 949 1699 rigor
969 1620 1107 1682 horridus
1128 1626 1220 1686 artus.
1254 1663 1256 1668 -

360 1747 416 1790 ceu
436 1729 528 1810 pavet
551 1726 591 1788 ad
611 1725 709 1788 cunas
731 1725 763 1784 et
784 1721 884 1784 tristia
905 1721 1055 1786 Pentheos
1076 1745 1130 1786 ora

362 1832 489 1914 Thyias,
514 1830 564 1894 ubi
588 1831 725 1912 inpulsae
746 1830 806 1891 iam
828 1848 862 1890 se
884 1829 960 1890 deus
982 1829 1102 1908 agmine
1123 1832 1229 1892 metris
1317 1833 1379 1894 265

361 1935 485 1999 abstulit
505 1939 537 1997 et
558 1935 639 1997 oaesi
660 1936 829 1996 vanescunt
851 1951 963 1994 cornua
982 1934 1069 1996 tauri

360 2061 415 2104 uec
436 2040 534 2102 minus
555 2037 642 2100 effusi
663 2038 870 2118 grandaevum
889 2036 928 2099 od
947 2037 1036 2100 litora
1056 2039 1177 2118 vulgus,

360 2149 395 2209 ut
417 2144 513 2206 socias
535 2142 639 2206 videre
662 2159 785 2221 manus,
807 2140 880 2203 dare
903 2160 994 2203 versa
1012 2145 1163 2204 retrorsus

361 2253 449 2330 terga
470 2251 560 2311 metu.
604 2248 744 2308 dextram
764 2245 891 2306 tendens
910 2247 1074 2327 proclamat
1094 2247 1185 2310 Iason

355 2346 443 2436 ‘quos
461 2353 587 2434 tlrgitis?
609 2351 719 2413 vellem
736 2348 793 2410 hao
807 2349 945 2429 equidem
960 2369 1008 2411 me
1024 2354 1126 2431 strage
1142 2371 1284 2435 meosque
1315 2357 1380 2416 270

360 2457 555 2540 procubuisse
574 2453 679 2536 magis.
725 2452 800 2514 deus
821 2452 911 2532 haec,
932 2454 1007 2517 deus
1028 2475 1119 2538 asper
1138 2457 1272 2539 utrisque

360 2561 501 2644 inplicuit.
546 2577 651 2621 sumus
674 2559 734 2620 heu
752 2554 892 2638 Minyae,
915 2576 1018 2620 sumus
1040 2559 1160 2642 hospita
1179 2563 1274 2626 turba.

360 2685 414 2728 our
437 2665 528 2727 etiam
546 2661 682 2724 flammas
705 2660 890 2742 miserosque
914 2681 1065 2725 moramur
1084 2657 1249 2727 honores?'

426 2827 503 2892 Tum
524 2846 616 2910 super
637 2845 795 2906 exangues
817 2828 967 2890 confertae
990 2830 1091 2892 caedis
1114 2849 1239 2892 acervos

360 2931 514 3019 praecipiti
532 2932 678 3013 plangore
700 2933 806 3007 ruunt;
830 2932 967 3012 agnoscit
989 2931 1019 2994 in
1042 2935 1104 2995 alta
1315 2937 1378 2998 275

360 3045 464 3120 strage
485 3038 583 3098 virum
606 3055 661 3097 sua
680 3037 765 3098 texta
786 3053 912 3117 parens,
932 3056 987 3099 sua
1008 3056 1133 3099 munera
1154 3038 1290 3101 coniunx.

360 3145 385 3208 it
406 3143 536 3226 gemitus
557 3143 619 3204 toto
640 3139 762 3202 sinuosa
783 3159 838 3222 per
859 3160 990 3224 aequora
1012 3143 1103 3204 caelo.

378 3391 428 3440 254
449 3385 574 3440 Continuo
595 3387 619 3440 P
702 3383 818 3448 uersique
835 3383 866 3432 0:
895 3383 1026 3450 auersique
1050 3385 1096 3435 VP
1209 3389 1259 3436 255
1278 3400 1325 3450 que
1347 3387 1378 3448 V,

272 3477 338 3546 quotl
357 3479 381 3532 P
452 3473 607 3528 2560ιὶ0ἰο
627 3473 653 3526 V
725 3473 775 3521 257
793 3467 854 3538 levi]
874 3471 957 3519 autem
974 3469 1148 3530 Peerllccmpos
1165 3472 1199 3520 ad
1218 3472 1290 3537 Verp.
1311 3473 1376 3520 Aen.

273 3564 310 3620 vl
329 3569 379 3616 255
450 3562 533 3630 primo
553 3561 577 3614 P
641 3557 682 3608 En
700 3555 764 3606 coeli
784 3555 867 3621 primo
884 3557 935 3606 iem
954 3568 1074 3620 spargere
1097 3553 1191 3605 lumine
1210 3559 1298 3619 portas
1316 3557 1379 3608 Orto
1397 3583 1402 3594 ·

273 3649 327 3704 dior
347 3649 472 3702 laceram
489 3650 516 3698 ia
534 3647 656 3698 Matthiae
673 3643 772 3693 miscell.
787 3643 874 3702 philol.
892 3659 920 3704 p.
944 3645 975 3692 75
1081 3644 1130 3690 258
1149 3645 1256 3708 notoque
1274 3647 1299 3695 P

273 3749 472 3856 2521300007
539 3788 589 3836 262
607 3781 708 3832 conscia
725 3795 768 3830 orn.
792 3780 817 3830 P
883 3782 934 3829 264
955 3778 1028 3842 pauit
1046 3783 1071 3830 P
1137 3782 1169 3832 ad
1186 3782 1280 3834 odmen
1298 3785 1377 3834 Hein-

274 3882 353 3932 aius·
426 3876 476 3924 266
496 3871 579 3940 Thyes
595 3870 639 3929 Π,
661 3866 783 3934 ThyioP
853 3865 1007 3929 impulsor>
1107 3872 1156 3918 266
1175 3867 1278 3920 celsiP
1392 3879 1397 3890 '

274 3971 323 4020 267
344 3959 543 4030 graadauuml'
624 3960 674 4006 262
692 3951 824 4005 intendens
841 3953 962 4002 Heinsius
1048 3957 1098 4005 270
1116 3953 1214 4009 Quoc
1279 3954 1377 4019 fugitur

274 4057 299 4106 P
381 4053 428 4102 271
449 4047 497 4098 hac
516 4045 636 4096 Benaco
737 4043 787 4089 272
805 4037 854 4087 heu
871 4039 904 4087 P:
923 4051 954 4086 eu
975 4039 1004 4098 V,
1022 4041 1103 4088 cni!
1166 4039 1264 4106 mynias
1286 4041 1312 4092 V

274 4151 359 4190 rumor
377 4151 421 4188 000.
441 4136 465 4185 P
548 4125 887 4184 contemplatusne
904 4125 929 4172 P
992 4138 1111 4189 serosque
1129 4125 1249 4174 Henetus
1318 4124 1376 4186 sor-

272 4235 337 4278 tem
355 4225 395 4276 lio
414 4237 499 4274 ceram
514 4227 571 4284 post
590 4221 640 4268 210
662 4215 813 4265 calceandos
829 4221 874 4261 est.
957 4215 1007 4261 au
1026 4210 1152 4260 consertes
1168 4211 1229 4259 MO:
1251 4215 1378 4262 consertes

277 4314 307 4374 V,
326 4309 498 4362 oonrortaoP
597 4307 646 4358 276
666 4299 774 4363 strango
790 4301 814 4350 V
914 4301 963 4348 277
982 4295 1003 4345 it
1021 4305 1056 4364 ψι
1074 4295 1110 4345 Et
1129 4298 1176 4348 VP
1245 4299 1312 4346 totos
1330 4313 1376 4348 un-

271 4397 334 4452 dosa
352 4401 375 4452 P

393 4437 1121 4944 fisa.
