3132 4968
565 382 784 426 haoouhvntcon
807 383 890 426 amun
904 385 935 426 11.

280 540 451 618 exuperant
470 534 648 618 Pityamque
670 537 774 614 vadia,
796 540 1032 620 transmissaque
1053 543 1146 624 puppi

279 638 480 721 Lampsacus,
502 637 617 723 Ogygii
639 659 728 720 quarn
751 661 807 704 neo
828 643 979 706 trieterioa
1003 644 1113 708 Baoohi

281 762 366 806 eaore
387 763 486 824 neque
508 745 624 808 areanis
644 744 797 828 Phrygius
816 747 900 809 furor
920 748 1036 810 invehit
1057 751 1160 830 antris,
1241 757 1302 816 625

278 849 332 908 664
356 870 430 911 errae
451 849 483 910 iu
503 849 655 912 Venerem
674 853 775 932 raptat
795 850 879 912 deus.
910 850 991 914 illiue
1014 873 1083 914 arae

278 957 352 1016 urbe
375 975 467 1037 super
489 955 621 1034 celsique
643 954 749 1014 vident
772 955 922 1017 velamina
944 957 1055 1039 templi.

277 1061 373 1122 rarior
395 1060 464 1122 hino
486 1059 577 1121 tellus
601 1057 698 1135 adque
720 1057 828 1138 ingene
851 1059 983 1139 undique
1004 1063 1119 1124 eaelum

278 1185 383 1226 rursus
407 1166 439 1226 et
461 1162 605 1243 inoipieus
629 1163 719 1224 alium
742 1167 919 1243 prospectus
940 1165 972 1229 in
995 1167 1104 1228 orbem.

278 1275 360 1331 terra
382 1267 449 1330 sinu
470 1266 567 1330 medio
587 1264 715 1327 Pontum
737 1267 814 1329 iaoet
837 1267 916 1330 inter
937 1273 969 1330 et
990 1269 1099 1332 Hellen
1235 1279 1298 1335 630

279 1393 334 1435 666
355 1372 447 1436 iuudo
467 1372 585 1452 prolata
605 1369 711 1444 marim
735 1389 863 1451 namque
884 1373 1010 1454 inproba
1034 1376 1131 1438 oaeoie

277 1476 377 1539 intulit
397 1495 472 1539 arva
491 1475 578 1538 vadie
597 1475 747 1554 longoque
766 1493 821 1557 per
842 1495 973 1556 aequora
992 1479 1081 1540 dorso

277 1582 349 1643 litus
371 1580 450 1661 agit:
472 1580 557 1640 tenet
578 1577 646 1642 hine
666 1583 802 1641 veterem
824 1579 989 1642 confinibus
1011 1583 1073 1642 orie

277 1705 349 1768 pars
371 1684 550 1766 Phrygiam,
573 1701 644 1766 pare
666 1683 790 1744 disereti
809 1683 881 1763 iuga
905 1685 994 1766 pinea
1013 1687 1130 1748 montis.

277 1811 332 1854 neo
355 1789 459 1871 prooul
480 1788 518 1850 ad
539 1786 639 1848 tenuia
664 1787 763 1866 surgit
784 1787 910 1850 oonfinia
930 1790 1015 1870 ponti
1233 1798 1295 1858 636

276 1896 348 1956 urbe
369 1892 494 1976 placidie
516 1890 649 1953 demissa
670 1890 764 1970 ingie;
786 1910 842 1952 rex
864 1893 967 1956 divitie
991 1894 1059 1975 egri

277 1996 415 2081 Cyzicus.
438 1995 621 2060 Haemoniae
643 1993 694 2076 qui
716 2002 780 2056 tum
802 2013 881 2058 nova
903 1997 992 2077 signa
1012 1996 1131 2060 carinae

277 2107 312 2166 ut
332 2103 431 2181 videt,
452 2102 518 2183 ipee
540 2101 620 2162 ultro
640 2098 752 2182 primas
774 2099 923 2180 proourrit
944 2102 982 2164 ad
1004 2103 1100 2164 undas

276 2207 461 2286 miraturque
481 2204 564 2266 viros
586 2203 784 2283 dextramque
804 2204 962 2286 amplexus
984 2210 1016 2266 et
1037 2207 1165 2268 haerens

276 2311 379 2393 incipit
395 2300 426 2371 ‘o
446 2307 534 2369 terrie
556 2326 636 2369 nuno
655 2307 785 2389 primum
805 2309 927 2388 cognita
947 2309 1057 2371 nostris
1232 2317 1296 2374 640

277 2412 454 2476 Aemathiae
476 2431 583 2475 manus
606 2413 639 2473 et
660 2411 739 2474 sama
760 2412 832 2474 mihi
850 2413 944 2476 maior
965 2414 1073 2500 imago.

276 2538 336 2580 nou
356 2521 458 2582 tamen
477 2516 552 2578 haeo
574 2516 649 2578 adeo
672 2517 789 2578 semota
809 2536 906 2598 neque
929 2516 1024 2580 ardna
1044 2518 1134 2580 tellus

275 2639 429 2702 regnaque
449 2621 509 2684 iam
529 2621 648 2704 populis
668 2621 806 2703 impervia
826 2621 902 2684 lueie
926 2640 1008 2702 eoae,

276 2743 343 2787 oum
362 2727 441 2788 66166
463 2725 593 2787 intrasse
614 2725 725 2802 duoee,
744 2727 791 2788 tot
811 2726 919 2788 robora
937 2745 1034 2789 oerno.
1135 2763 1138 2768 ·

275 2848 345 2890 nam
367 2829 438 2892 lieet
459 2828 528 2892 hino
550 2847 659 2892 saevae
680 2830 771 2891 tellus
794 2831 856 2892 alat
877 2829 997 2893 horrida
1020 2831 1128 2910 gentes
1231 2835 1292 2894 645

275 2951 383 3012 meque
404 2934 535 2996 fremens
558 2933 672 2996 tumido
697 2932 881 2998 oiroumfluat
903 2953 954 2995 ore
975 2931 1144 3014 Propontis,

275 3039 380 3100 vestra
399 3036 476 3100 fides
495 3037 633 3120 ritusque
655 3055 745 3118 pares
767 3041 800 3099 et
820 3039 905 3100 mitia
927 3040 1011 3100 oultu

275 3141 321 3205 hie
344 3142 435 3206 etiam
456 3141 528 3204 mihi
551 3140 641 3204 eorda
662 3141 734 3204 loeis
741 3165 748 3217 ;
771 3143 875 3224 prooul
896 3141 988 3204 effera
1011 3141 1109 3215 virtue

294 3389 343 3436 626
361 3383 512 3452 Pityamque
524 3389 569 3449 op:
588 3381 731 3450 phyamque
742 3383 825 3444 Vlla,
843 3381 980 3449 phiamque
996 3383 1049 3434 Μπ
1101 3395 1188 3448 puppe
1205 3383 1230 3433 P

187 3475 238 3524 624
256 3469 411 3537 Lampraoun
430 3485 471 3520 m:
487 3467 625 3520 Lameaoue
643 3468 869 3532 7616666666
887 3469 930 3531 M,
947 3467 1082 3521 Lamsatue
1098 3469 1136 3529 P,
1154 3468 1209 3519 Iam
1224 3473 1294 3520 66666

187 3576 210 3610 π
291 3557 381 3626 ogygii
398 3571 438 3607 m:
463 3555 553 3622 ogygti
577 3557 634 3617 Ver,
659 3554 738 3622 ogygi
756 3554 797 3616 M,
824 3554 909 3619 ogigti
926 3557 950 3606 P
1022 3553 1152 3605 trieterica
1168 3556 1193 3605 P

187 3651 239 3697 626
256 3643 375 3710 phrigias
397 3645 422 3695 V
522 3645 571 3693 626
590 3645 675 3708 raptet
692 3643 717 3692 P
739 3641 835 3708 (raptat
853 3638 887 3704 n)
992 3639 1143 3710 62666666
1166 3643 1195 3704 V,
1220 3642 1293 3710 Rupe

187 3731 308 3782 11666666
391 3728 522 3780 molimina
538 3730 576 3778 nel
593 3727 740 3779 fundamina
758 3729 891 3789 Heinsius,
910 3727 1015 3793 fastigia
1032 3729 1191 3779 Burmannus

187 3823 237 3870 626
258 3815 344 3868 orbem
364 3818 403 3868 P:
423 3815 521 3868 orbeV
587 3819 637 3868 662
656 3830 703 3880 per
721 3817 757 3865 P:
776 3814 865 3875 om.V,
883 3813 930 3864 nub
948 3816 982 3865 Μ
1046 3817 1096 3865 666
1115 3813 1184 3863 orbis
1202 3813 1227 3863 P

187 3906 237 3954 666
255 3903 287 3954 ad
305 3903 390 3954 tenuia
409 3913 463 3969 epe:
483 3900 591 3953 attonuit
614 3901 662 3952 VP
745 3904 795 3951 667
814 3899 918 3966 cyricus
936 3917 958 3950 π
1062 3902 1111 3948 666
1130 3897 1165 3948 Vt
1188 3897 1293 3964 6666166

191 3989 238 4040 VP
338 3992 389 4039 666
408 3988 542 4055 dextraque
560 3991 594 4050 0,
620 3987 771 4052 dextraeque
790 3983 915 4051 implexus
933 3985 1054 4034 Heinsius
1122 3981 1292 4032 haereretis:

186 4073 274 4124 haeres
296 4074 344 4126 VP
427 4079 477 4127 642
496 4090 543 4126 666
561 4076 596 4136 Ρ,
612 4077 686 4138 atque
706 4090 728 4125 π
815 4077 865 4123 646
883 4084 1009 4136 regnaque
1026 4068 1132 4130 ampo:
1151 4067 1291 4132 Longaque

192 4159 262 4221 VPn,
290 4159 430 4226 Longaque
454 4177 499 4212 666
516 4163 592 4222 Ara,
615 4160 704 4224 Longe
728 4158 782 4210 abit
805 4162 849 4209 aut
873 4158 1031 4209 oelNonea
1049 4154 1155 4202 temnet
1174 4154 1233 4204 Non
1256 4154 1293 4206 ita

186 4244 235 4296 iarn
252 4248 388 4308 Heinsius,
408 4247 461 4298 Neo
478 4247 534 4298 looa
551 4247 600 4297 iam
618 4248 777 4297 Bormum
881 4249 931 4296 646
950 4240 1021 4292 halat
1037 4240 1062 4289 P
1078 4237 1140 4304 (alat
1157 4239 1189 4304 u)

185 4337 235 4386 647
254 4335 319 4384 ritae
337 4335 361 4384 P
377 4333 500 4400 (ritusque
519 4333 552 4400 π)
622 4349 714 4400 parens
731 4335 767 4394 P,
794 4335 820 4384 et
836 4331 907 4399 paoin
924 4327 997 4378 mitia
1015 4329 1173 4375 numanus

1027 4395 1076 4460 5*
