3110 4972
559 423 779 466 nsonsmcou
808 423 893 466 mun
906 421 935 464 V.

274 571 349 641 ‘neo
369 579 453 640 ferus
475 575 603 654 Aeetes,
625 581 661 638 ut
680 578 774 653 lama,
796 596 853 640 nec
874 595 967 638 auree
985 574 1071 638 nobis

283 685 373 760 terga
391 684 498 762 negat;
519 681 597 744 bello
619 681 735 742 interea
755 681 808 742 sed
830 699 956 761 pressus
976 680 1077 760 iniquo

283 784 429 848 auxilium
449 783 540 867 petit3
562 792 694 848 armatos
715 783 779 846 dux
800 785 937 864 protinus
959 803 1063 846 omnes
1186 867 1190 874 .
1238 785 1300 846 555

282 890 455 951 adcelerare
475 888 576 962 iubot;
596 888 687 966 longo
708 907 778 950 nam
799 889 867 948 tuta
887 905 1011 948 recessu

282 992 393 1076 puppis
416 994 448 1053 et
467 989 605 1072 adposita
626 991 737 1052 fluvius
758 990 930 1052 defenditur
949 981 1040 1052 urbe?

347 1185 439 1248 Haud
459 1205 557 1262 mora;
576 1187 748 1267 prosiliunt,
771 1207 846 1268 quos
868 1207 924 1250 nec
942 1187 1081 1270 Rhipaea
1100 1189 1251 1267 iuventus,

283 1309 360 1371 quos
380 1289 554 1364 necH1ber
575 1293 629 1351 aut
648 1291 713 1351 tota
733 1289 798 1350 suis
816 1289 937 1352 Aurora
957 1291 1107 1373 pharetu's

282 1393 439 1454 sustineat.
484 1392 571 1454 stetit
592 1391 734 1473 explicito
754 1392 838 1473 prius
860 1394 980 1474 agmine
1001 1396 1107 1476 pubes,
1239 1396 1302 1455 560

281 1495 459 1579 expertique
481 1495 585 1572 simul,
606 1495 633 1555 si
652 1495 713 1556 tela
734 1499 879 1578 artusque
900 1499 1073 1578 sequantur.

283 1619 339 1660 nec
361 1599 519 1680 quisquam
538 1599 616 1660 freta
637 1617 694 1659 nee
714 1598 828 1679 patrias
849 1599 909 1662 iam
931 1600 1055 1681 respicit
1073 1601 1173 1678 urbes,

284 1701 338 1763 sed
357 1702 455 1782 magis
476 1701 680 1781 adpraesens
702 1700 765 1762 itur
786 1701 886 1764 decus.
930 1703 1022 1766 incita
1043 1704 1150 1766 oristas

282 1823 357 1866 aura
379 1805 490 1886 quatit,
508 1803 601 1864 variis
619 1802 708 1865 floret
728 1803 779 1864 via
800 1804 928 1866 discolor
949 1807 1049 1884 armis,

282 1908 380 1988 qualis
403 1910 441 1988 ab
464 1905 584 1968 Oceano
606 1905 733 1966 nitidum
752 1906 860 1967 chorus
883 1912 1008 1971 aethera
1027 1911 1127 1988 vestit,
1238 1909 1300 1970 565

281 2011 419 2092 qualibus
444 2009 612 2089 adsurgens
634 2029 696 2070 uox
716 2028 809 2072 aurea
828 2011 959 2091 cingitur
980 2013 1078 2076 astris.

281 2115 350 2176 illos
372 2113 442 2176 Sole
464 2116 549 2175 satus
569 2112 661 2174 tacita
681 2112 900 2174 maestissimus
920 2115 967 2178 ira

281 2218 408 2278 miratur
428 2218 542 2278 temere
564 2205 735 2292 adsumtos,
752 2235 809 2276 neo
829 2217 903 2279 talia
925 2219 1029 2281 mallet

282 2320 402 2398 robora,
418 2337 513 2397 ,quam
532 2318 646 2380 medios
666 2320 784 2380 hostem
805 2320 933 2381 subiisse
949 2325 1085 2404 penates.

282 2421 405 2483 Interea
424 2423 504 2504 laeto
526 2422 640 2502 patitur
662 2423 799 2485 convivia
821 2425 907 2486 vultu
1238 2426 1302 2485 570

281 2527 314 2586 55
335 2524 422 2586 iuxta
442 2523 616 2586 Aesoniden
637 2545 747 2606 magno
768 2531 883 2588 cratere
905 2527 1028 2589 lacessit

281 2647 362 2689 nunc
384 2627 440 2689 sibi
461 2629 679 2689 monstrantem
701 2633 788 2691 natos
809 2628 892 2691 Iovis
914 2649 1024 2710 oraque
1045 2631 1131 2692 iuxta

282 2731 462 2806 Aeacidum,
485 2749 565 2791 nune
586 2728 717 2810 ingentis
739 2732 902 2814 Calydonis
925 2732 1077 2807 alumnos;

282 2834 367 2896 audit
388 2835 420 2894 et
440 2833 566 2895 Alciden
587 2834 707 2896 infando
731 2854 832 2896 errore
854 2836 993 2896 relictum

282 2937 468 3016 defletosque
489 2937 582 2997 duces
603 2939 762 3017 terraeque
783 2937 934 3016 marisque
953 2939 1079 3000 labores.
1240 2941 1303 3002 575

283 3039 354 3122 Ipse
377 3042 478 3101 autem
501 3039 594 3100 tantis
616 3042 732 3103 concita
752 3041 904 3103 furoribus
927 3059 1026 3102 arma·

282 3142 401 3224 expetit
423 3142 591 3203 Aesonides
614 3147 645 3206 55
667 3146 777 3206 amieos
799 3144 902 3208 ordine
923 3163 1022 3223 reges.

198 3355 453 3368 m—

303 3505 352 3552 553
373 3507 440 3554 cetos
461 3505 486 3556 V
586 3509 637 3555 554
650 3502 765 3569 ¹pressais
786 3506 811 3556 V
898 3508 947 3556 556
965 3502 1034 3568 nam]
1054 3505 1094 3552 sat
1110 3501 1232 3551 Heinsius

198 3592 247 3638 557
267 3586 388 3650 opposite
404 3591 497 3639 Pinio
583 3589 700 3654 adposita
714 3589 792 3639 fluvio
809 3590 932 3640 Heinsius
1032 3593 1083 3638 558
1102 3586 1193 3651 riphea
1214 3587 1239 3637 V

197 3676 248 3722 559
267 3671 357 3721 hibera
375 3678 475 3724 555555
499 3676 524 3726 V
624 3679 680 3726 5555
697 3676 731 3725 H
788 3732 790 3735 .
831 3679 880 3726 561
897 3669 1054 3739 Expertique
1072 3687 1108 3721 m:
1127 3670 1237 3735 Experti
1256 3685 1305 3736 quo

202 3757 228 3806 V
309 3771 432 3823 arcusque
450 3762 511 3810 Bon.
527 3762 647 3822 probante
664 3763 769 3812 Heinsio
873 3765 923 3812 562
943 3757 1019 3808 urbes
1036 3758 1077 3808 H:
1097 3755 1159 3806 urbe
1182 3758 1208 3808 V

199 3845 249 3891 564
267 3840 408 3894 decoloro
491 3849 541 3897 565
562 3845 649 3902 Qualis
662 3844 707 3895 ubi
723 3846 844 3896 Heinsius
925 3844 1035 3894 corusV
1109 3843 1237 3906 versatip

199 3931 248 3977 566
263 3927 351 3984 Qualis
363 3933 389 3978 55
399 3931 515 3980 Helenes.
533 3926 595 3980 ‘nisi
606 3929 677 3991 sorte
694 3947 759 3982 unns
776 3933 920 3994 conspicit,
938 3946 954 3978 n
967 3931 1102 3994 plesseiore
1119 3929 1243 3982 insertus,
1263 3929 1306 3970 ant

197 4027 214 4058 a
227 4022 301 4074 poeta
315 4017 410 4075 quidem
421 4012 522 4075 sactus,
544 4019 587 4066 sed
602 4024 630 4066 ut
647 4019 780 4082 eliperetnr
797 4019 928 4076 ednotus,
947 4016 991 4075 qni
1008 4016 1040 4062 sit
1059 4005 1180 4074 optimus?
1201 4009 1306 4058 Heinsio

199 4111 292 4158 queque
309 4115 332 4148 c.
353 4104 403 4150 566
424 4109 549 4161 suspectus
567 4109 628 4152 esni.
717 4107 767 4152 567
787 4101 959 4151 mestissnruus
974 4099 1005 4158 V,
1022 4095 1206 4147 moestissimus
1223 4093 1257 4142 H

199 4185 249 4233 569
270 4184 430 4234 subiissem:
462 4185 560 4236 subisse
583 4188 608 4236 V
712 4191 762 4237 570
785 4186 922 4250 pctiturC'
1012 4181 1083 4232 vultu
1103 4189 1140 4248 ψτ
1171 4176 1241 4226 cultu
1263 4179 1306 4237 Vo

195 4269 310 4327 777θό7777
326 4270 449 4318 Heinsius
529 4276 579 4334 576
598 4269 733 4337 calydouos
757 4272 782 4320 V
864 4274 914 4320 576
934 4270 1016 4317 autem
1034 4270 1063 4316 ut
1082 4266 1232 4316 acinacen
1250 4265 1267 4314 i.
1287 4265 1305 4314 7.

195 4366 223 4411 p.
245 4357 293 4402 177
363 4353 492 4404 fauoribus
510 4355 542 4404 Μ
643 4361 693 4405 577
710 4355 811 4418 Aspicit
828 4355 979 4405 Siotbonwer
1033 4349 1036 4354 ’
