3086 4968
640 451 729 494 (idm
751 455 784 495 11.
1217 451 1268 494 m

155 624 260 708 posuit
288 641 378 686 conor
400 639 580 702 quamquem
601 637 662 681 non
682 639 763 699 nego
783 619 953 682 litterarum
974 618 1167 682 similitudine
1189 639 1265 701 quae

157 731 207 790 est
228 729 308 788 inter
328 727 443 788 clamor
464 727 496 785 et
512 743 602 787 conor
620 741 804 803 magnopere
822 723 1038 799 commendari,
1058 723 1141 784 nolui
1165 725 1267 785 tamen

158 831 305 911 recipere,
325 829 395 909 quia
417 846 508 888 canor
530 827 630 888 arium
655 825 674 885 i.
686 843 711 884 0.
734 844 825 886 verns
850 828 956 888 cantus
970 845 1028 906 quo
1042 843 1131 888 aures
1145 827 1265 888 audien-

95 997 103 1004 ,
158 935 236 996 tium
257 933 446 994 mulceantur
471 949 538 992 oum
562 927 692 1007 strepitu
716 927 859 990 lituorum
885 948 946 990 non
966 931 1049 990 reete
1070 933 1267 1008 comparatur.

159 1055 259 1116 neque
282 1035 471 1096 coniecturae
492 1032 561 1094 illae
580 1049 656 1112 quas
672 1027 823 1092 (lanionis
839 1031 914 1094 libro
936 1032 975 1092 ad
995 1051 1050 1093 nos
1063 1035 1269 1112 pervenerunt

160 1142 215 1202 001
233 1140 261 1198 is
282 1137 362 1220 opud
374 1134 492 1217 fluuios
507 1134 662 1196 voluerum
677 1137 772 1216 quatit
782 1136 901 1197 00111010
915 1136 1036 1197 clamor.
1073 1138 1141 1198 tuno
1156 1136 1267 1198 lituum

160 1244 317 1305 0011000100
346 1242 409 1322 opit
429 1258 454 1298 0.
477 1259 503 1318 q.
523 1257 546 1297 s.
568 1236 688 1317 probari
712 1239 855 1318 possunt,
882 1237 992 1317 quippe
1019 1238 1127 1316 quibus
1151 1255 1268 1319 compa·

160 1342 287 1404 rationis
308 1341 489 1402 continuitas
510 1340 753 1421 interrumpatur.
789 1343 826 1402 nt
845 1340 979 1416 mittam,
997 1342 1059 1423 opit
1078 1341 1138 1402 iam
1161 1361 1189 1402 v.
1204 1345 1266 1404 163

161 1447 226 1526 legi
244 1448 278 1507 et
298 1447 393 1526 quatit
417 1443 517 1504 redire
537 1463 566 1503 v.
591 1447 661 1504 169.
699 1444 801 1522 itaque
821 1444 966 1505 Italorum
992 1444 1201 1506 anctoritatem
1220 1463 1267 1506 se·

163 1551 253 1612 cutus
274 1568 364 1611 10000
383 1546 514 1628 reposui,
535 1546 615 1624 quod
637 1550 669 1609 et
686 1548 725 1608 ad
746 1566 887 1609 numeros
909 1550 1013 1627 aptum
1033 1549 1081 1609 est
1101 1549 1133 1608 et
1146 1548 1183 1608 ad
1200 1567 1267 1608 sen-

163 1654 298 1718 tentiam
343 1651 485 1712 videlicet
522 1651 636 1712 clamor
667 1669 729 1711 vox
760 1669 853 1731 supra
882 1669 1006 1712 versum
1037 1650 1068 1711 in
1103 1650 1267 1732 archetypo

163 1755 307 1820 Vaticani
332 1752 484 1834 adscripta
511 1754 542 1814 in
568 1754 663 1815 verba
693 1755 802 1834 poetae
830 1757 953 1835 recepta
980 1757 1029 1816 cst
1050 1755 1082 1814 et
1107 1755 1269 1832 genuinam

165 1859 346 1939 scripturam
367 1857 433 1918 loco
454 1857 556 1919 movit.
578 1891 622 1901 —
641 1876 721 1918 nnus
743 1859 839 1918 restat
858 1876 967 1919 versus
989 1857 1027 1919 dc
1049 1875 1108 1936 quo
1129 1857 1268 1920 hocloco

165 1963 356 2044 disputetur,
381 1961 449 2023 libri
478 1961 558 2021 sexti
579 1963 650 2022 382.
690 1959 742 2020 ubi
763 1960 843 2039 quod
863 1965 930 2043 quis
951 1960 1021 2021 dedi
1042 1978 1111 2020 oum
1130 1957 1269 2040 Baptista

164 2065 220 2126 Pio
240 2062 396 2125 claudens
417 2081 486 2124 cum
500 2062 585 2125 Italis
608 2063 738 2148 turpiter
758 2064 865 2125 erravi.
902 2065 991 2126 etium
1012 2063 1091 2124 enim
1105 2063 1185 2142 quod
1198 2066 1270 2145 quoio
1348 2125 1351 2133 ,

166 2168 303 2248 sequitur
328 2166 361 2227 in
389 2166 537 2229 Vaticano
568 2167 722 2246 glossema
750 2187 819 2228 essa
847 2169 981 2247 apparet
1015 2168 1140 2249 pravior
1168 2169 1270 2227 autem

165 2272 215 2331 est
230 2269 359 2350 firmius
384 2272 473 2332 010110.
510 2271 545 2330 01.
567 2270 662 2350 Verg.
685 2271 761 2332 Aen.
782 2271 813 2333 V
834 2272 898 2331 437
925 2272 984 2331 0101
1007 2271 1111 2350 prauis
1132 2269 1271 2332 Entellus

164 2376 291 2455 mistoque
311 2373 441 2434 inmotus
466 2373 573 2435 eodem.
610 2374 691 2451 quod
718 2373 855 2453 sequitur
876 2376 1005 2454 nutuque
1026 2389 1129 2432 carens
1149 2372 1269 2433 insolite

167 2476 289 2556 quidem
310 2477 341 2536 et
362 2475 488 2536 obscure
511 2475 706 2550 dictumest,
728 2464 820 2537 habet
834 2478 936 2538 tamen
958 2474 1186 2556 explicationem
1192 2499 1199 2551 ;
1223 2478 1273 2538 est

166 2580 247 2640 enim
273 2580 410 2639 inmotus.
444 2578 548 2638 contra
573 2580 704 2658 nutuque
726 2577 832 2640 cudens
851 2582 976 2660 propter
995 2583 1064 2642 rone
1083 2581 1162 2655 ruri,
1191 2579 1270 2658 qnod

165 2683 198 2744 in
219 2701 312 2744 vorsu
333 2679 502 2759 insequenti
527 2680 657 2759 legitur,
684 2701 810 2762 prorsus
837 2681 972 2763 ineptum
1001 2701 1070 2744 esse
1097 2702 1158 2745 non
1181 2684 1270 2744 debc-

165 2787 235 2848 bam
257 2784 381 2846 nescire.

267 2889 385 2950 Versus
412 2905 472 2950 non
492 2887 591 2950 nullos
612 2886 644 2948 in
664 2888 812 2952 Vaticano
835 2888 959 2968 eiusque
981 2888 1162 2969 apographis
1185 2908 1202 2949 e
1223 2908 1270 2950 se·

167 2991 254 3052 dibus
276 2991 338 3052 suis
361 2993 458 3051 motos
482 3009 551 3050 esse
573 2989 758 3072 additusque,
783 2993 834 3054 ubi
850 2992 949 3054 locum
963 3011 1023 3052 non
1037 2991 1190 3067 haberent,
1211 2992 1272 3054 iam

166 3093 364 3174 antiquissimi
387 3094 569 3174 interpretes
590 3093 744 3169 viderunt3
773 3094 869 3156 ueluti
895 3094 1023 3156 inlibro
1046 3093 1152 3174 primo·
1161 3113 1271 3156 versus

167 3199 209 3258 56
232 3198 264 3258 in
284 3197 431 3260 Vaticano
455 3197 592 3276 sequitur
610 3199 802 3273 0010011164,
822 3215 867 3258 vs.
889 3199 952 3257 303
973 3215 1031 3256 vm.
1054 3199 1126 3270 308,
1147 3215 1192 3257 vs.
1205 3199 1269 3258 815

166 3319 226 3360 vm.
245 3302 317 3377 820,
341 3299 373 3359 in
393 3301 469 3362 libro
494 3299 583 3362 tertio
604 3319 649 3359 vs.
669 3301 712 3358 10
732 3317 791 3358 vm.
808 3301 857 3375 25,
879 3297 911 3358 111
926 3298 1001 3359 libro
1020 3298 1123 3377 quinto
1146 3317 1191 3359 vs.
1205 3302 1269 3360 407

164 3423 225 3464 vm.
250 3404 330 3477 426,
356 3402 387 3462 111
413 3402 489 3463 libro
512 3403 831 3462 001110102281111.
853 3403 934 3476 245,
963 3399 1014 3479 qui
1037 3418 1140 3461 omnes
1161 3401 1221 3462 iam
1239 3402 1272 3463 in

164 3504 350 3594 Bomonicnsi
375 3505 505 3566 editione
533 3493 572 3565 et'
586 3503 618 3563 in
642 3502 754 3566 Aldina
775 3505 838 3566 suis
862 3504 1107 3582 locislegmtnr.
1145 3505 1201 3566 sed
1221 3525 1271 3567 su-

163 3611 293 3691 persunt
322 3607 434 3688 aliquot
454 3625 581 3681 versus,
607 3626 684 3685 quos
712 3607 899 3668 librariorum
926 3606 1041 3667 incuria
1070 3609 1272 3690 transpositos
1322 3651 1328 3660 -

163 3733 234 3774 esse
270 3713 402 3774 nondum
436 3709 622 3771 intellectum
649 3713 705 3771 est.
744 3709 855 3771 etenim
883 3710 931 3772 hic
958 3709 1027 3772 libri
1055 3711 1138 3772 tertii
1161 3731 1271 3775 versus
1394 3785 1395 3788 Ἴ

162 3837 220 3878 eur
241 3817 331 3878 011010
350 3810 510 3893 flammas.
525 3816 707 3896 maturosque
734 3833 890 3876 moramur
909 3815 1034 3876 tonores
1056 3816 1125 3894 post
1149 3833 1273 3875 versum

164 3918 349 3980 2720111111
371 3915 456 3977 libris
477 3915 590 3994 legitur
611 3916 941 3996 ineptissimumlocum
954 3917 1058 3991 habet;
1083 3917 1271 3997 quodWag-

162 4041 257 4084 ncras
285 4039 403 4100 qnoque
432 4019 551 4095 sensit„
574 4019 625 4098 qui
643 4009 760 4080 ‘Iason’
782 4018 879 4098 inquit
896 4012 1041 4098 ‘urguere
1072 4019 1160 4078 nimis
1190 4018 1273 4081 insta

162 4123 300 4186 facienda
322 4108 459 4184 videtur.'
497 4121 599 4200 itaque
620 4141 689 4184 eum
711 4123 782 4202 post
804 4126 867 4184 310
888 4122 1092 4184 collocandum
1112 4137 1180 4182 esso
1203 4137 1272 4182 oon·

162 4226 235 4303 ieci,
265 4226 383 4289 etiamsi
402 4224 476 4284 nihil
497 4224 538 4284 ibi
560 4223 749 4286 desideretur
769 4241 869 4302 neque
890 4223 1082 4304 transpositio
1103 4225 1271 4300 quomodo

161 4329 243 4390 facta
262 4327 303 4388 sit
325 4327 476 4408 explicare
501 4327 622 4406 possim.
646 4361 687 4374 -
709 4325 741 4386 in
762 4326 839 4389 libro
861 4325 987 4408 septimo
1009 4327 1269 4393 0111276-283
