3132 4968
697 447 720 488 0·
735 445 842 490 Vnum
856 443 956 486 maror

357 604 511 675 adveniet;
533 619 674 681 cuperem
692 599 758 680 ipse
782 617 898 678 graves
917 600 982 658 tum
1003 613 1143 674 rumpere
1164 596 1268 658 terras.

358 711 413 770 sed
435 707 488 768 tibi
511 705 598 766 triste
620 703 705 764 nefus
727 705 918 781 fraterneque
940 699 1077 760 turbidus
1100 717 1184 760 erma
1214 677 1216 682 ¹

358 833 415 875 rex
435 812 523 893 parat
544 813 575 870 et
598 827 705 868 saeros
729 799 841 868 irarum
862 803 990 883 concipit
1011 802 1108 880 ignes.

360 919 430 998 quin
446 913 528 994 rapis
550 914 627 973 hanc
651 910 780 972 enimam
799 913 831 970 et
852 908 980 968 famulos
1002 907 1080 966 citus
1103 905 1212 986 effugis
1232 907 1335 968 ortus?

361 1023 387 1098 i,
407 1037 494 1080 meus
515 1037 564 1091 es,
586 1015 645 1076 iem
664 1017 696 1075 te
717 1014 749 1074 in
769 1015 853 1074 lucos
874 1011 924 1092 pie
945 1009 1035 1070 turbu
1056 1008 1197 1070 silentum
1317 1010 1381 1068 750

361 1123 545 1202 secretisque
568 1119 628 1180 ciet
648 1117 778 1178 uolitans
800 1119 887 1198 pater
909 1112 1023 1176 Aeolus
1045 1105 1144 1173 aruis’

426 1224 552 1288 Horruit
573 1223 688 1282 interea
708 1221 852 1281 famulum
874 1218 1003 1278 elamore
1025 1233 1165 1295 supremo

363 1331 480 1393 maesta
501 1327 621 1399 domus,
642 1341 804 1401 regemque
827 1323 930 1400 fragor
951 1339 1008 1400 per
1027 1319 1145 1379 moenie
1165 1315 1266 1378 differt

364 1435 445 1496 mille
466 1431 546 1492 ciere
566 1429 726 1501 manuset
746 1425 807 1488 iam
827 1426 899 1486 dore
920 1423 1005 1485 iussa
1022 1422 1145 1484 uocatis.
1270 1424 1271 1428 ’

365 1534 531 1615 flagrantes
552 1547 621 1590 eras
641 1531 817 1606 restemque
839 1545 1005 1605 nemusque
1028 1526 1169 1587 sacerdos
1320 1523 1382 1582 755

365 1637 559 1722 praecipitat,
582 1632 749 1711 subitisque
772 1649 889 1711 pavens
910 1627 1113 1708 circumspicit
1129 1625 1241 1700 Aeson,

368 1743 438 1825 quid
459 1739 586 1803 moveat.
631 1754 721 1814 quam
742 1735 836 1797 multa
857 1735 904 1794 leo
927 1735 1085 1794 onustatus
1107 1731 1139 1792 in
1161 1733 1228 1791 arte

366 1850 446 1910 mole
461 1847 560 1907 uirum
579 1841 717 1920 rictuque
740 1856 836 1916 genas
857 1840 889 1899 et
906 1836 1020 1898 lumina
1038 1833 1158 1916 pressit,

367 1952 409 2014 sie
429 1969 518 2012 ouree
539 1945 657 2008 subiere
679 1943 800 2016 ducem,
822 1941 973 2000 ferrumne
993 1941 1133 2020 capessat

280 2093 294 2108 κ
368 2056 478 2116 inbelle
499 2055 588 2131 etque
610 2046 677 2109 aeui
702 2044 802 2106 senior
824 2044 994 2122 gestamine
1013 2043 1109 2123 primi,
1324 2041 1387 2097 760

369 2180 407 2220 an
431 2160 533 2239 patres
554 2150 699 2231 regnique
717 2149 810 2210 acuat
825 2147 967 2208 mutabile
985 2148 1106 2224 vulgus.

370 2263 474 2324 contra
493 2257 588 2318 effuse
609 2271 716 2316 manus
735 2253 922 2327 haerensque
943 2250 975 2310 in
993 2255 1115 2330 pectore
1137 2246 1269 2308 coniunx

364 2360 424 2426 ‘me
446 2352 571 2444 quoqne’
594 2359 636 2420 ait
652 2349 754 2418 ‘casus
775 2353 913 2416 comitem
934 2352 1111 2432 quicumque
1131 2350 1311 2430 propinquat

370 2469 515 2548 accipies,
534 2483 591 2524 nec
611 2464 673 2522 fatu
696 2460 813 2522 traham
831 2459 995 2534 natumque
1013 2455 1121 2516 videbo

370 2577 402 2632 to
424 2571 509 2644 sine,
528 2569 576 2628 sat
597 2562 672 2626 coeli
692 2561 826 2643 patiens,
848 2579 916 2620 cum
937 2557 1032 2637 prima
1052 2577 1107 2637 per
1129 2557 1222 2618 altum
1326 2560 1387 2617 765

268 2753 269 2756 ¹
371 2675 440 2736 vele
463 2670 563 2744 dedit,
583 2687 621 2747 po
636 2665 667 2728 ui
689 2683 766 2743 quae
786 2664 905 2723 tantum
925 2660 1003 2720 ferre
1025 2649 1172 2720 dolorem?

372 2778 446 2840 talia
466 2795 521 2856 per
543 2770 688 2833 lacrimas.
734 2768 765 2826 et
786 2765 845 2825 iam
867 2762 1066 2843 circumspicit
1086 2761 1199 2838 Aeson,

372 2878 548 2965 praeveniet
571 2893 629 2953 quo
649 2871 708 2932 fine
731 2865 844 2945 min'as,
867 2885 924 2946 quo
945 2866 1006 2926 fata
1027 2868 1167 2945 capessat
1234 2862 1238 2868 ’

288 3007 541 3028 ,,,,.-....-.-«

393 3104 440 3150 746
467 3107 598 3158 erumpere
620 3090 742 3140 Heinsius
827 3090 875 3135 747
894 3084 991 3146 nephas
1010 3083 1043 3131 M
1127 3086 1175 3132 748
1194 3095 1267 3130 senos
1284 3083 1308 3132 P

290 3192 337 3240 749
356 3185 416 3234 hino
434 3184 496 3241 MP,
513 3180 625 3241 probarit
645 3177 803 3224 ernonnur
871 3169 967 3217 tumulo
985 3167 1196 3226 ,uersentur-otius
1215 3170 1232 3216 l.
1252 3170 1269 3217 l.
1284 3185 1312 3230 p.
1334 3171 1392 3217 ³84.

282 3272 392 3334 sortasse
416 3267 546 3319 tremulos.
574 3261 606 3324 cs.
628 3263 740 3320 Propere.
765 3258 789 3309 V
811 3261 840 3318 7,
869 3260 899 3306 73
976 3251 1066 3316 effugis
1089 3254 1151 3302 MP:
1181 3249 1269 3316 effuge
1291 3255 1316 3305 V

290 3363 339 3411 750
355 3359 383 3410 in
400 3360 442 3407 M:
462 3372 505 3405 om.
529 3351 576 3402 l⁷P
650 3351 696 3398 751
716 3343 834 3393 antriso
908 3344 954 3390 752
974 3353 1109 3401 suppremo
1128 3339 1162 3386 M
1228 3341 1276 3388 753
1294 3337 1394 3388 Moesta

290 3446 345 3495 MP
412 3439 524 3489 deferte
601 3428 746 3492 nesciere]
766 3441 824 3476 cure
843 3427 877 3476 Μ
950 3427 997 3474 755
1016 3421 1166 3485 Flagrantes
1184 3424 1226 3472 M:
1243 3423 1393 3486 Fraglantes
1437 3459 1446 3482 ,

268 3545 273 3560 ¹
295 3531 326 3590 V,
344 3521 542 3589 FragrontesP
607 3515 744 3578 vittamque
763 3515 935 3568 Burmannus,
960 3511 1004 3570 qni
1026 3510 1053 3555 ia
1079 3509 1157 3556 codice
1181 3523 1223 3555 suo
1242 3509 1333 3574 quebot
1350 3523 1393 3557 re·

290 3619 402 3678 stumque
453 3619 579 3673 pecusque
588 3605 759 3659 Bur-maanus,
777 3596 935 3658 animumque
947 3594 1157 3654 Eyssenhardrius
1174 3596 1190 3643 l.
1210 3596 1226 3642 l.
1243 3611 1271 3654 p.
1292 3597 1342 3643 384

294 3704 342 3753 757
362 3699 462 3748 moneat
483 3695 516 3744 Μ
581 3703 625 3736 eeu
644 3688 801 3734 Mamaeanos
864 3676 976 3738 sortasse
1001 3683 1131 3728 cunctatur
1200 3680 1270 3726 arcta
1287 3678 1332 3725 P'

294 3791 342 3839 758
367 3782 467 3845 rituque
485 3780 518 3828 Μ
589 3773 729 3834 rictumque
755 3781 856 3830 gemens
883 3767 976 3814 Ioanne
1000 3767 1110 3814 Columbo
1134 3771 1268 3825 promente
1291 3763 1394 3826 Μαρκι-

289 3890 336 3923 ror
402 3861 520 3932 acessit
540 3861 587 3911 ΜΡ
673 3859 721 3906 759
741 3851 782 3900 Sio
805 3852 867 3900 MP:
901 3849 929 3900 si
950 3852 975 3902 V
1060 3852 1109 3900 760
1134 3847 1238 3898 Imbelle
1259 3849 1313 3898 MP

293 3963 341 4011 761
360 3951 457 4020 petrino
475 3951 499 4000 P
566 3945 638 3992 eruat
659 3939 801 4006 p=acuatu
822 3937 978 3995 1⁷,ecuatu
995 3936 1038 3994 M,
1057 3949 1085 3984 ao
1106 3934 1160 3983 uati
1178 3936 1203 3985 P
1288 3937 1336 3984 762
1355 3932 1395 3980 in-

291 4045 347 4094 fuso
365 4038 485 4091 Heinm'os
553 4029 692 4089 hercusque
709 4023 733 4069 P
819 4024 866 4069 763
886 4019 1003 4069 comitem
1027 4018 1054 4066 in
1072 4033 1157 4066 cusum
1175 4023 1213 4068 rel
1230 4020 1258 4068 in
1279 4021 1395 4068 oosus'ot

292 4127 464 4195 propinquent
484 4123 640 4170 anemonas
710 4105 850 4170 quicunque
874 4108 927 4156 MP
1014 4110 1063 4155 764
1086 4099 1205 4167 Accipies
1228 4107 1290 4154 Ps'or
1363 4118 1395 4152 ua

291 4219 315 4267 P
383 4215 433 4266 767
449 4203 629 4273 perlacrimens
648 4197 680 4254 0,
698 4193 748 4242 lert
765 4189 901 4238 lacrimans
918 4193 1040 4240 Heinsius
1108 4192 1175 4238 inter
1191 4189 1308 4239 lacrimas
1326 4197 1350 4237 et
1370 4193 1397 4238 et

291 4303 359 4362 mot
381 4311 430 4362 quo
451 4294 499 4345 fine
518 4289 599 4340 minos
624 4285 656 4334 M
723 4275 886 4339 circumpicir
903 4278 927 4326 P
1012 4281 1061 4326 768
1087 4273 1225 4325 Preueniat
1240 4276 1264 4322 P
1332 4288 1397 4338 quse

290 4387 342 4446 lats
358 4386 420 4434 Pr'us

509 4585 1134 4936 Um
