3086 4968
642 423 731 464 CAPUT
751 423 783 464 11.
1188 423 1263 467 mn

36 592 37 611 ¹
148 596 276 657 sissima
302 592 445 654 restituit
482 610 580 674 neque
602 590 837 672 vituperabitur,
868 591 946 671 quod
965 589 1012 652 IV
1033 595 1095 653 113
1115 590 1261 654 Burman·

148 717 227 758 num
251 699 375 774 secutus
396 715 453 776 pro
473 697 545 757 baec
566 696 757 756 misericors
777 693 847 754 dedi
866 695 938 756 bueo
951 697 1071 757 mabem'c
1083 713 1156 758 sors.
1194 695 1279 776 ipsc.

35 808 36 815 ’
149 801 248 860 talem
269 798 517 880 depravationem
538 798 717 858 emendasse
737 797 843 858 videor
863 795 914 856 111
936 800 1007 872 703,
1028 799 1080 858 ubi
1100 817 1155 878 pro
1175 819 1263 882 perca

148 903 251 984 adque
266 904 370 964 incisio
391 902 521 963 fortasse
543 901 732 962 scribendum
753 919 822 960 esse
840 899 903 960 dixi
919 919 1013 982 porea
1030 904 1132 982 satque
1148 903 1261 963 incisio.

607 1075 811 1082 ——-—-

260 1207 312 1272 Ex
333 1211 389 1272 hoo
410 1211 511 1272 codiee
532 1210 680 1273 Vaticano
705 1212 828 1290 praeter
851 1207 1057 1288 sangallensis
1078 1209 1260 1290 apographa,

149 1315 190 1374 de
211 1315 322 1394 quibus
341 1311 418 1374 infra
440 1315 571 1392 dicetur,
598 1313 745 1394 quotquot
765 1314 796 1374 in
817 1314 906 1376 ltalia
928 1311 1031 1393 scripti
1053 1315 1125 1373 sunt
1146 1312 1262 1375 Valerii

150 1417 224 1479 libri
244 1419 400 1479 fluxerunt
424 1437 536 1478 omnes.
574 1435 753 1497 quamquam
777 1417 857 1477 enim
884 1417 999 1478 leviora
1020 1416 1169 1477 scribendi
1188 1417 1263 1480 vitia
1353 1467 1357 1472 .

32 1516 34 1604 l
150 1522 237 1582 hand
263 1520 367 1600 paucis
391 1521 465 1582 locis
485 1522 621 1582 correcta
646 1522 718 1581 sunt
736 1539 939 1601 venenumque
960 1520 1085 1599 gravius
1107 1523 1261 1604 corrupto·

33 1611 34 1666 l
151 1645 224 1686 rum
243 1623 411 1685 emendatio
433 1625 581 1704 temptata
603 1627 666 1700 est,
687 1624 819 1684 maxima
838 1626 954 1699 tamen,
974 1625 1006 1686 in
1029 1624 1145 1685 lacunis
1168 1625 1261 1704 potis·
1364 1669 1369 1674 -

34 1787 35 1800 ,
150 1729 267 1788 simum
294 1727 493 1805 versibusque
520 1727 728 1807 transpositis,
758 1727 837 1788 inter
857 1727 912 1788 hos
940 1728 972 1786 et
999 1726 1083 1786 illum
1104 1728 1264 1792 intercedit

151 1830 337 1905 similitudo,
367 1829 398 1889 in
427 1830 563 1892 omnibus
588 1835 746 1912 praeterea
774 1832 853 1893 idem
878 1831 927 1890 est
947 1830 1087 1890 carminis
1108 1829 1262 1894 Valeriani

34 1937 35 1962 ¹
71 1969 74 1978 ι
150 1935 288 1994 ambitus
301 1933 352 2014 qni
365 1932 550 1994 inVetioanc
562 1938 654 1996 3277.
683 1953 724 1994 ex
735 1935 782 1995 his
796 1934 1065 1994 Monacensem
1084 1933 1149 2011 (M)
1165 1938 1263 1998 totum

34 2117 35 2131 χ
153 2056 247 2117 qnam
271 2036 403 2097 maxima
428 2039 564 2115 poteram
592 2037 748 2116 diligentia
776 2035 896 2098 contuli.
939 2039 988 2096 est
1013 2035 1039 2096 is
1069 2037 1262 2100 Victorianus

155 2144 219 2201 123
245 2140 296 2200 vel
318 2140 414 2200 codex
434 2140 643 2215 labruscos,
671 2141 767 2201 forma
788 2140 950 2221 quadrata,
977 2137 1167 2216 chartaceus,
1197 2161 1263 2204 sae-

153 2242 224 2302 culo
247 2240 362 2302 decimo
390 2242 494 2319 quinto
518 2243 555 2303 ab
585 2262 647 2305 una
668 2243 919 2322 manuscriptus.
953 2241 1086 2303 continet
1106 2243 1177 2304 solia
1198 2243 1263 2320 GV,

153 2345 278 2404 vicenos
300 2347 442 2423 septenos
464 2364 572 2410 versus
592 2346 623 2406 in
644 2345 763 2427 paginis
787 2344 922 2422 singulis.
960 2343 992 2404 in
1012 2343 1153 2406 interiore
1174 2349 1262 2425 tegn-

153 2447 250 2508 menti
279 2447 442 2526 superioris
463 2450 550 2529 parte
580 2467 599 2510 a
623 2467 714 2509 manu
742 2447 855 2510 saeculi
874 2445 980 2507 decimi
1004 2446 1098 2526 quinti
1117 2449 1263 2529 scripturn

153 2551 268 2630 legitur
284 2553 328 2610 est
347 2549 466 2612 Ioviani
487 2549 565 2626 Poe,
588 2569 665 2630 quae
688 2553 832 2612 secuntur
851 2551 985 2630 ligatura
1003 2553 1085 2612 tecta
1105 2555 1185 2628 sunt,
1206 2554 1261 2614 sed

153 2653 243 2714 facile
261 2652 420 2732 suppletur
441 2655 520 2713 teni:
541 2653 579 2712 ab
602 2655 708 2715 eadem
726 2673 817 2719 manu
839 2657 910 2735 post
929 2653 1022 2714 totius
1036 2654 1175 2716 carminis
1192 2657 1261 2716 sub-

153 2755 348 2836 scriptionem
368 2755 443 2816 haec
468 2753 567 2834 posita
589 2759 674 2817 sunt:
705 2757 789 2819 Emit
811 2755 984 2820 moraviae
1005 2757 1145 2818 Iomanes
1151 2803 1160 2832 ,
1183 2757 1263 2817 infra

152 2877 234 2937 quae
255 2858 349 2918 verba
370 2858 430 2918 alia
449 2875 557 2918 manus
577 2861 744 2920 atramento
766 2861 836 2920 anni
856 2879 1014 2920 nnmerum
1030 2859 1153 2934 addidit,
1173 2877 1261 2940 quem

152 2961 336 3026 nocuum
354 2981 423 3022 esse
445 2962 534 3022 hodie
555 2961 682 3042 quidem,
705 2979 773 3022 cum
793 2981 985 3024 numerorum
1007 2962 1094 3041 signa
1113 2963 1262 3024 tinearum

32 3077 33 3089 ¹
153 3066 304 3128 morsibus
326 3084 431 3126 arrosa
459 3065 535 3141 sint,
559 3064 619 3124 nisi
640 3065 833 3127 coniectando
854 3085 915 3127 non
937 3066 1008 3127 licet
1033 3066 1169 3144 assequi,
1191 3066 1262 3126 olim

154 3171 259 3230 tamen
280 3166 343 3227 suis
366 3169 459 3228 oeulis
481 3167 557 3228 vidit
578 3167 774 3230 bibliothecae
795 3169 986 3230 Monacensis
1006 3168 1175 3248 praefectus
1196 3168 1260 3246 qui-

154 3271 242 3346 dam,
270 3271 321 3349 qui
351 3270 471 3330 saeculo
493 3270 607 3330 decimo
630 3271 757 3351 septimo
780 3275 833 3333 aut
859 3275 964 3334 octavo
991 3272 1066 3332 haec
1087 3271 1261 3350 adscripsit:

149 3365 280 3436 ‘Ioviani
302 3372 428 3434 Pontani
449 3393 476 3434 v.
498 3373 533 3433 cl
554 3393 665 3435 nomen
693 3376 749 3436 hoc
773 3377 838 3437 loco
861 3376 980 3437 rubrica
1008 3376 1072 3435 sive
1093 3373 1185 3434 minio
1209 3378 1263 3436 aut

154 3476 307 3538 cinnabari
334 3479 471 3537 notatum
498 3493 517 3536 a
539 3481 636 3540 semet
663 3479 729 3560 ipso
748 3479 858 3552 codici,
884 3495 973 3556 quem
993 3475 1163 3540 Florentiae
1189 3479 1262 3540 emit

154 3599 233 3641 enno
256 3579 298 3640 M.
319 3575 429 3640 0000.
453 3578 497 3638 LI
517 3583 553 3641 ut
579 3582 689 3643 ibidem
715 3583 876 3645 memoriae
905 3581 1006 3661 prodit
1031 3601 1092 3644 non
1112 3583 1262 3644 modicum

32 3744 33 3748 ,
153 3684 243 3764 pretii
265 3682 380 3743 confert
404 3700 440 3743 ac
460 3673 593 3744 decoris?
628 3689 812 3746 correctores
834 3704 944 3765 passus
967 3688 1016 3746 est
1036 3685 1134 3745 codex
1156 3685 1262 3746 Mona·

32 3799 33 3865 ζ
153 3787 253 3846 censis
281 3769 450 3866 complures
480 3806 592 3866 eosque
615 3807 675 3848 non
696 3790 848 3863 indoctos,
878 3807 1004 3868 quornm
1031 3807 1140 3850 manus
1163 3806 1261 3867 neque

33 3871 34 3933 Ῑ
153 3891 239 3970 potui
260 3889 373 3968 ubique
393 3889 564 3952 discernere
584 3910 682 3970 neque
703 3893 799 3952 volui:
828 3892 930 3971 itaque
955 3911 1058 3954 omncs
1081 3890 1260 3951 emendatio·

32 4012 36 4040 ν
153 4012 209 4054 nce
231 3993 426 4072 praetereas
448 4012 524 4073 qnae
547 3995 661 4074 primae
686 4011 793 4054 manus
816 4013 885 4055 esse
906 3995 1086 4056 videbantur
1107 4012 1137 4052 m
1158 3992 1261 4054 littera

33 4116 34 4124 ¹
153 4096 264 4156 notavi.
301 4095 376 4158 illud
406 4097 507 4158 tamen
530 4097 599 4157 nolo
623 4098 776 4174 omittere,
806 4117 866 4159 non
895 4114 1044 4176 nusquam
1072 4095 1259 4156 correcturas

153 4217 247 4278 snpra
267 4217 377 4260 versus
398 4199 489 4260 minio
513 4199 642 4281 scriptas
664 4219 732 4262 esse
754 4219 883 4262 amanu
908 4199 1057 4260 simillima
1080 4197 1137 4272 illi,
1159 4217 1177 4258 a
1199 4219 1261 4278 que

152 4301 237 4362 Emit
251 4301 423 4363 Florentino
435 4303 575 4364 Jooa'onus
587 4303 722 4363 additum
738 4321 808 4364 esse
824 4302 895 4379 dixi,
911 4305 945 4362 ut
959 4303 1016 4362 hae
1035 4301 1260 4361 emendationes
