3072 4974
520 443 756 486 ·ARGONAVTICON
785 445 870 486 amun
884 442 936 484 vn.

268 618 303 662 ac
324 600 409 661 velut
427 617 468 660 cx
489 616 550 659 una
572 598 716 679 siquando
738 598 817 658 nube
838 595 955 658 corusci

266 705 313 766 ira
333 702 416 765 Iouis
438 702 528 766 torsit
545 701 687 780 geminos·
701 701 877 762 mortalibus
898 699 995 777 ignes,

267 810 320 869 ant
341 808 400 867 duo
416 825 488 866 cum
510 805 625 886 pariter
646 807 793 885 ruperunt
816 802 937 864 vincula
955 802 1040 864 venti

266 910 399 988 dantque
422 909 542 988 fugam
562 908 605 969 sic
628 909 701 969 tunc
723 907 862 968 claustris
884 905 983 966 evasit
1003 908 1129 985 uterque
1217 908 1281 966 570

267 1016 372 1074 taurus
391 1015 423 1073 et
439 1011 551 1074 inmani
574 1010 714 1092 proflavit
734 1009 853 1071 turbine
875 1009 1019 1070 flammas¹

267 1115 378 1177 arduus
401 1116 492 1195 atque
513 1117 578 1176 atro
600 1115 728 1176 volvens
746 1112 882 1175 incendia
902 1111 1004 1174 fluctu.

266 1217 382 1281 horruit
401 1217 524 1298 Argoae
547 1218 627 1297 legio
649 1215 739 1294 ratis,
764 1216 880 1278 horruit
901 1217 1002 1278 audax

178 1363 182 1380 ,
267 1321 318 1401 qui
338 1320 425 1397 modo
445 1321 589 1400 virgineis
612 1320 728 1380 servari
748 1319 883 1380 canthus
905 1318 978 1380 Idas

266 1424 357 1486 flebat
379 1427 411 1486 et
430 1425 523 1486 inrito
544 1421 701 1506 prospexit
723 1419 865 1484 Colchida
882 1421 978 1483 vultu.
1217 1422 1279 1484 575

267 1544 327 1588 non
347 1527 418 1588 tulit
438 1527 626 1608 ipsemoras
648 1545 775 1606 seseque
797 1523 912 1587 inmisit
933 1523 1034 1600 Iason,

180 1667 182 1670 ·
266 1631 403 1692 diversos
423 1631 583 1711 postquam
603 1630 649 1690 ire
670 1627 770 1705 videt,
791 1628 969 1706 galeamque
989 1627 1152 1688 minantem

264 1721 400 1812 quassat
412 1734 443 1794 et
464 1734 615 1794 errantem
637 1714 745 1792 dentre
764 1730 823 1791 ciet
843 1729 949 1791 obrius
970 1729 1078 1808 ignem.

448 1843 501 1902 'a
699 1861 736 1900 ‘s
951 1861 971 1899 u

265 1969 422 2030 cunctatus
445 1967 569 2049 paulum
588 1967 687 2028 subito
708 1965 787 2028 furit.
809 1983 940 2047 aequora
958 1983 1018 2026 non
1044 1966 1086 2028 sio
1217 1971 1278 2033 581

264 2072 296 2132 in
317 2073 456 2154 scopulos
477 2070 555 2132 irata
572 2073 665 2132 ruunt
685 2071 849 2150 eademque
872 2067 1018 2129 recedunt

263 2173 359 2235 fracta
377 2177 467 2236 retro.
485 2173 531 2235 bis
554 2173 703 2234 fulmineis
727 2191 760 2234 se
781 2171 901 2234 flatibus
922 2171 1012 2234 infert

263 2276 447 2357 obnubitque
465 2275 578 2355 riruin,
601 2277 655 2338 sed
676 2295 736 2338 non
755 2275 893 2337 incendia
915 2273 1033 2337 Colchis

264 2380 417 2463 adspirare
440 2379 704 2484 sinit,·clipeoque
725 2378 859 2440 inliditur
878 2377 959 2457 ignis
1216 2385 1279 2445 585

263 2485 392 2565 frigidus
413 2485 445 2546 et
461 2483 528 2544 viso
546 2483 685 2564 pallescit
701 2483 821 2544 flamma
838 2501 962 2542 veneno.

263 2588 345 2650 inicit
364 2586 693 2650 Aesonidesdextram
713 2591 803 2666 atque
825 2584 962 2662 ardentia
982 2585 1075 2648 mittit

263 2709 388 2769 cornua,
411 2690 479 2751 dein
502 2688 574 2750 totis
596 2690 786 2770 propendens
807 2671 921 2748 viribus
944 2689 1056 2752 haeret.

261 2793 312 2854 ille
332 2793 430 2855 virum
451 2794 549 2872 adque
569 2793 666 2874 ipsam
688 2795 760 2853 tunc
779 2793 827 2868 te,
846 2789 969 2871 Medea,
991 2813 1135 2858 recusans

263 2896 394 2958 eoncut't
413 2900 445 2958 et
466 2900 530 2958 tota
549 2895 695 2956 nitentem
718 2895 856 2956 cornibus
878 2895 924 2958 ira
979 2903 982 2908 '
1215 2900 1279 2960 590

177 3091 209 3098 ο..
221 3091 414 3098 ...ρ-ῃ...
426 3096 429 3098 .

278 3207 327 3253 567
354 3218 404 3253 uns
422 3205 483 3254 Mc:
514 3219 582 3254 unua
605 3207 635 3264 V,
659 3204 751 3272 imam
856 3206 936 3257 nubae
958 3209 983 3258 V
1084 3165 1165 3258 corici
1190 3211 1216 3260 V

174 3291 224 3354 572
245 3286 335 3338 fluctus
354 3291 397 3350 M,
423 3289 491 3339 rictu
516 3291 727 3350 Eyssenhardts'us
745 3293 762 3340 l.
782 3293 798 3340 l.
815 3308 843 3353 p.
865 3297 914 3342 392
1022 3297 1071 3343 575
1090 3307 1167 3356 argee
1189 3295 1214 3345 V

173 3377 223 3424 575
242 3373 355 3437 respexit
373 3376 531 3423 Burmannus
634 3381 683 3426 577
706 3376 868 3443 clypeumque
884 3380 943 3428 Ald.
1050 3377 1182 3428 ndoantem
1198 3380 1278 3428 Heln-

173 3459 226 3508 ss'us
296 3463 346 3510 578
366 3464 392 3510 et
408 3477 445 3510 us:
462 3476 505 3511 osu.
531 3461 556 3511 V
639 3461 767 3512 ardentem
785 3464 918 3522 Heinsius,
937 3461 1072 3512 undantem
1090 3465 1278 3513 Friesemannus

172 3547 225 3605 17.
241 3559 270 3606 p.
292 3549 341 3595 118
445 3548 579 3596 intortis
599 3555 622 3596 et
642 3552 691 3598 581
715 3551 803 3598 luorum
828 3557 863 3598 est
881 3551 909 3597 s'n
930 3550 960 3609 V,
985 3551 1012 3598 in
1031 3549 1081 3599 Mo
1096 3552 1143 3598 duo
1160 3552 1277 3615 loquutur

171 3645 258 3680 esrom
277 3629 313 3680 Ut
329 3630 431 3681 tandem
448 3632 519 3682 stetit
534 3636 560 3682 et
577 3636 651 3682 toruo
677 3633 755 3699 (torto
783 3633 813 3700 0)
828 3633 860 3685 ‘sc
877 3634 971 3685 lumine
986 3634 1057 3684 flexit
1075 3634 1125 3691 Qui
1143 3635 1215 3700 prior
1232 3635 1277 3686 ad·

171 3715 242 3767 uersi
258 3716 371 3781 respexit
385 3717 482 3767 insonis
505 3733 589 3781 arms,
615 3721 660 3781 qui
683 3723 711 3769 s'n
735 3735 815 3770 omues
838 3723 956 3770 editionss
978 3724 1070 3782 recepti
1091 3723 1231 3775 uidentur.

173 3805 222 3852 588
240 3801 357 3865 scopolos
369 3803 395 3852 V
466 3808 515 3855 583
529 3804 624 3854 Fracto
644 3807 716 3854 Pium
733 3808 811 3855 secuti
825 3808 945 3856 Heinsius
963 3813 985 3855 st
1002 3809 1175 3857 Burmannus:
1199 3807 1279 3858 Factus

176 3887 252 3954 Vrbs,
271 3887 335 3937 Acta
353 3890 465 3938 Alurdus
555 3889 679 3940 flumineis
697 3893 730 3940 M
813 3897 863 3943 584
880 3891 997 3942 incendis
1015 3893 1056 3942 M:
1076 3891 1164 3941 condis
1185 3893 1210 3944 V

173 3976 223 4023 585
241 3971 378 4023 inlidititur
403 3975 433 4034 V,
451 3971 567 4023 illuditur
585 3977 648 4026 Bon.
731 3981 781 4028 587
800 3977 930 4028 Incitato
1005 3976 1121 4041 inqust'
1189 3975 1279 4029 arden·

172 4053 218 4122 tie]
233 4055 344 4118 fortusse
362 4057 493 4110 horrentis
509 4055 541 4117 os.
561 4060 644 4121 Apoll.
664 4063 741 4112 ruou
755 4061 796 4113 111
815 4069 880 4115 1306
900 4073 923 4114 st
941 4066 1009 4114 Ouid.
1028 4071 1083 4111 met.
1104 4059 1156 4113 VII
1176 4067 1223 4114 112
1251 4079 1261 4097 κ

172 4140 252 4191 mittit
269 4153 410 4206 cornupetum
430 4151 474 4193 est.
493 4147 574 4194 mutat
592 4150 664 4196 oodsu
680 4150 776 4212 sepius,
789 4133 881 4200 ,nectit
898 4153 959 4200 Bon.
974 4146 1086 4208 sortasse
1109 4147 1211 4210 prendit

173 4283 224 4329 588
244 4277 310 4329 deirn
328 4282 362 4331 M
449 4231 574 4334 haeretV
674 4290 725 4336 589
744 4284 774 4336 de
797 4288 822 4337 V
923 4285 1034 4336 refutans
1053 4287 1203 4338 Slolbousoer
1220 4288 1237 4336 l.
1258 4289 1274 4335 l.

171 4379 197 4424 p.
220 4367 267 4412 181
338 4370 387 4416 590
411 4367 528 4417 cornibus
547 4370 577 4417 0:
601 4369 720 4422 carminis
743 4373 788 4434 Vp
