<?xml version="1.0" encoding="UTF-8"?>
<!DOCTYPE html PUBLIC "-//W3C//DTD XHTML 1.0 Transitional//EN"
    "http://www.w3.org/TR/xhtml1/DTD/xhtml1-transitional.dtd">
<html xmlns="http://www.w3.org/1999/xhtml" xml:lang="en" lang="en">
 <head>
  <title>
</title>
<meta http-equiv="Content-Type" content="text/html;charset=utf-8" />
  <meta name='ocr-system' content='tesseract 3.04.00' />
  <meta name='ocr-capabilities' content='ocr_page ocr_carea ocr_par ocr_line ocrx_word'/>
</head>
<body>
  <div class='ocr_page' id='page_1' title='image "./argonaviticonli00flacgoog_0052.png"; bbox 0 0 3086 4968; ppageno 0'>
   <div class='ocr_carea' id='block_1_1' title="bbox 666 419 1286 464">
    <p class='ocr_par' dir='ltr' id='par_1_1' title="bbox 666 419 1286 464">
     <span class='ocr_line' id='line_1_1' title="bbox 666 419 1286 464; baseline 0.005 -3"><span class='ocrx_word' id='word_1_1' title='bbox 666 419 755 462; x_wconf 66' lang='lat' dir='ltr'><strong>CAPUT</strong></span> <span class='ocrx_word' id='word_1_2' title='bbox 772 421 805 462; x_wconf 88' lang='lat'><strong>11.</strong></span> <span class='ocrx_word' id='word_1_3' title='bbox 1227 421 1286 464; x_wconf 72' lang='grc' dir='ltr'><strong>ΧΠ</strong></span> 
     </span>
    </p>
   </div>
   <div class='ocr_carea' id='block_1_2' title="bbox 179 556 1286 668">
    <p class='ocr_par' dir='ltr' id='par_1_2' title="bbox 179 556 1286 668">
     <span class='ocr_line' id='line_1_2' title="bbox 179 556 1286 668; baseline 0.002 -16"><span class='ocrx_word' id='word_1_4' title='bbox 179 589 221 652; x_wconf 89' lang='lat' dir='ltr'><strong>sit</strong></span> <span class='ocrx_word' id='word_1_5' title='bbox 240 591 273 650; x_wconf 90' lang='lat' dir='ltr'><strong>et</strong></span> <span class='ocrx_word' id='word_1_6' title='bbox 302 588 515 663; x_wconf 80' lang='lat' dir='ltr'><strong>adumbratus,</strong></span> <span class='ocrx_word' id='word_1_7' title='bbox 542 586 624 649; x_wconf 92' lang='lat' dir='ltr'><strong>nullo</strong></span> <span class='ocrx_word' id='word_1_8' title='bbox 652 588 755 648; x_wconf 81' lang='lat' dir='ltr'><strong>tamen</strong></span> <span class='ocrx_word' id='word_1_9' title='bbox 780 587 869 650; x_wconf 92' lang='lat' dir='ltr'><strong>modo</strong></span> <span class='ocrx_word' id='word_1_10' title='bbox 893 585 1088 668; x_wconf 84' lang='lat' dir='ltr'><strong>Argonautas</strong></span> <span class='ocrx_word' id='word_1_11' title='bbox 1115 587 1148 649; x_wconf 93' lang='lat' dir='ltr'><strong>in</strong></span> <span class='ocrx_word' id='word_1_12' title='bbox 1174 556 1286 654; x_wconf 87' lang='lat' dir='ltr'><strong>terram</strong></span> 
     </span>
    </p>
   </div>
   <div class='ocr_carea' id='block_1_3' title="bbox 178 689 1295 1702">
    <p class='ocr_par' dir='ltr' id='par_1_3' title="bbox 178 689 1287 1391">
     <span class='ocr_line' id='line_1_3' title="bbox 179 689 1286 776; baseline 0.001 -21"><span class='ocrx_word' id='word_1_13' title='bbox 179 692 355 756; x_wconf 72' lang='lat' dir='ltr'>escendisse</span> <span class='ocrx_word' id='word_1_14' title='bbox 375 693 408 752; x_wconf 92' lang='lat' dir='ltr'><strong>et</strong></span> <span class='ocrx_word' id='word_1_15' title='bbox 434 689 686 752; x_wconf 88' lang='lat' dir='ltr'><strong>aLemniadibus</strong></span> <span class='ocrx_word' id='word_1_16' title='bbox 707 690 837 770; x_wconf 88' lang='lat' dir='ltr'><strong>benigne</strong></span> <span class='ocrx_word' id='word_1_17' title='bbox 859 691 1002 771; x_wconf 84' lang='lat' dir='ltr'><strong>exceptos</strong></span> <span class='ocrx_word' id='word_1_18' title='bbox 1024 709 1093 754; x_wconf 88' lang='lat' dir='ltr'><strong>esse</strong></span> <span class='ocrx_word' id='word_1_19' title='bbox 1115 692 1212 756; x_wconf 88' lang='lat' dir='ltr'><strong>omitti</strong></span> <span class='ocrx_word' id='word_1_20' title='bbox 1233 713 1286 776; x_wconf 90' lang='lat' dir='ltr'><strong>po-</strong></span> 
     </span>
     <span class='ocr_line' id='line_1_4' title="bbox 178 792 1286 875; baseline 0.002 -17"><span class='ocrx_word' id='word_1_21' title='bbox 178 796 246 858; x_wconf 89' lang='lat' dir='ltr'><strong>tuit.</strong></span> <span class='ocrx_word' id='word_1_22' title='bbox 286 795 345 856; x_wconf 91' lang='lat' dir='ltr'><strong>hnc</strong></span> <span class='ocrx_word' id='word_1_23' title='bbox 375 792 491 856; x_wconf 87' lang='lat' dir='ltr'><strong>accedit</strong></span> <span class='ocrx_word' id='word_1_24' title='bbox 526 794 607 874; x_wconf 85' lang='lat' dir='ltr'><strong>quod</strong></span> <span class='ocrx_word' id='word_1_25' title='bbox 636 792 668 854; x_wconf 89' lang='lat' dir='ltr'><strong>in</strong></span> <span class='ocrx_word' id='word_1_26' title='bbox 700 794 841 856; x_wconf 80' lang='lat' dir='ltr'><strong>versibus</strong></span> <span class='ocrx_word' id='word_1_27' title='bbox 868 792 919 875; x_wconf 90' lang='lat' dir='ltr'><strong>qui</strong></span> <span class='ocrx_word' id='word_1_28' title='bbox 948 797 1092 856; x_wconf 89' lang='lat' dir='ltr'><strong>secuntur</strong></span> <span class='ocrx_word' id='word_1_29' title='bbox 1119 796 1286 860; x_wconf 90' lang='lat' dir='ltr'><strong>subiectum</strong></span> 
     </span>
     <span class='ocr_line' id='line_1_5' title="bbox 179 896 1287 980; baseline 0.002 -20"><span class='ocrx_word' id='word_1_30' title='bbox 179 899 282 972; x_wconf 89' lang='lat' dir='ltr'><strong>deest;</strong></span> <span class='ocrx_word' id='word_1_31' title='bbox 309 896 447 959; x_wconf 88' lang='lat' dir='ltr'><strong>Piersoni</strong></span> <span class='ocrx_word' id='word_1_32' title='bbox 475 897 554 958; x_wconf 91' lang='lat' dir='ltr'><strong>enim</strong></span> <span class='ocrx_word' id='word_1_33' title='bbox 575 897 745 958; x_wconf 89' lang='lat' dir='ltr'><strong>coniectura</strong></span> <span class='ocrx_word' id='word_1_34' title='bbox 760 917 922 980; x_wconf 67' lang='lat' dir='ltr'><strong>proteum</strong></span> <span class='ocrx_word' id='word_1_35' title='bbox 943 897 1009 960; x_wconf 75' lang='lat' dir='ltr'><strong>duc</strong></span> <span class='ocrx_word' id='word_1_36' title='bbox 1030 901 1146 961; x_wconf 76' lang='lat' dir='ltr'><strong>mmebc</strong></span> <span class='ocrx_word' id='word_1_37' title='bbox 1164 903 1287 964; x_wconf 68' lang='lat' dir='ltr'><strong>uuam</strong></span> 
     </span>
     <span class='ocr_line' id='line_1_6' title="bbox 179 999 1285 1082; baseline -0.001 -17"><span class='ocrx_word' id='word_1_38' title='bbox 179 1002 269 1065; x_wconf 60' lang='lat' dir='ltr'><strong>daal</strong></span> <span class='ocrx_word' id='word_1_39' title='bbox 290 1000 458 1062; x_wconf 82' lang='lat' dir='ltr'><strong>carendum</strong></span> <span class='ocrx_word' id='word_1_40' title='bbox 480 1001 581 1060; x_wconf 87' lang='lat' dir='ltr'><strong>estne</strong></span> <span class='ocrx_word' id='word_1_41' title='bbox 596 999 778 1060; x_wconf 74' lang='lat' dir='ltr'><strong>admittatur.</strong></span> <span class='ocrx_word' id='word_1_42' title='bbox 814 1017 944 1080; x_wconf 89' lang='lat' dir='ltr'><strong>namque</strong></span> <span class='ocrx_word' id='word_1_43' title='bbox 962 1019 1030 1062; x_wconf 93' lang='lat' dir='ltr'><strong>cum</strong></span> <span class='ocrx_word' id='word_1_44' title='bbox 1044 999 1167 1082; x_wconf 82' lang='lat' dir='ltr'><strong>Minyae</strong></span> <span class='ocrx_word' id='word_1_45' title='bbox 1182 1022 1285 1064; x_wconf 89' lang='lat' dir='ltr'><strong>omnes</strong></span> 
     </span>
     <span class='ocr_line' id='line_1_7' title="bbox 179 1103 1287 1187; baseline 0 -20"><span class='ocrx_word' id='word_1_46' title='bbox 179 1123 323 1187; x_wconf 88' lang='lat' dir='ltr'><strong>proceres</strong></span> <span class='ocrx_word' id='word_1_47' title='bbox 349 1104 454 1164; x_wconf 81' lang='lat' dir='ltr'><strong>essent</strong></span> <span class='ocrx_word' id='word_1_48' title='bbox 481 1121 579 1183; x_wconf 92' lang='lat' dir='ltr'><strong>neque</strong></span> <span class='ocrx_word' id='word_1_49' title='bbox 605 1103 751 1164; x_wconf 73' lang='lat' dir='ltr'><strong>haberent</strong></span> <span class='ocrx_word' id='word_1_50' title='bbox 773 1123 828 1164; x_wconf 88' lang='lat' dir='ltr'><strong>our</strong></span> <span class='ocrx_word' id='word_1_51' title='bbox 848 1103 1001 1166; x_wconf 86' lang='lat' dir='ltr'><strong>Venerem</strong></span> <span class='ocrx_word' id='word_1_52' title='bbox 1022 1103 1193 1184; x_wconf 88' lang='lat' dir='ltr'><strong>placarent,</strong></span> <span class='ocrx_word' id='word_1_53' title='bbox 1220 1104 1287 1168; x_wconf 73' lang='lat' dir='ltr'><strong>dae</strong></span> 
     </span>
     <span class='ocr_line' id='line_1_8' title="bbox 180 1204 1286 1286; baseline -0.002 -16"><span class='ocrx_word' id='word_1_54' title='bbox 180 1207 273 1270; x_wconf 87' lang='lat' dir='ltr'><strong>Iason</strong></span> <span class='ocrx_word' id='word_1_55' title='bbox 294 1205 431 1286; x_wconf 82' lang='lat' dir='ltr'><strong>intellegi</strong></span> <span class='ocrx_word' id='word_1_56' title='bbox 452 1205 562 1286; x_wconf 85' lang='lat' dir='ltr'><strong>nequit</strong></span> <span class='ocrx_word' id='word_1_57' title='bbox 599 1204 794 1286; x_wconf 84' lang='lat' dir='ltr'><strong>Hypsipylen</strong></span> <span class='ocrx_word' id='word_1_58' title='bbox 814 1209 915 1268; x_wconf 91' lang='lat' dir='ltr'><strong>autem</strong></span> <span class='ocrx_word' id='word_1_59' title='bbox 936 1206 962 1268; x_wconf 89' lang='lat' dir='ltr'><strong>si</strong></span> <span class='ocrx_word' id='word_1_60' title='bbox 983 1205 1151 1284; x_wconf 86' lang='lat' dir='ltr'><strong>significare</strong></span> <span class='ocrx_word' id='word_1_61' title='bbox 1172 1209 1286 1270; x_wconf 81' lang='lat' dir='ltr'><strong>voluis·</strong></span> 
     </span>
     <span class='ocr_line' id='line_1_9' title="bbox 182 1307 941 1391; baseline -0.005 -17"><span class='ocrx_word' id='word_1_62' title='bbox 182 1315 244 1389; x_wconf 89' lang='lat' dir='ltr'><strong>set,</strong></span> <span class='ocrx_word' id='word_1_63' title='bbox 262 1312 416 1391; x_wconf 89' lang='lat' dir='ltr'><strong>reginam,</strong></span> <span class='ocrx_word' id='word_1_64' title='bbox 433 1328 494 1370; x_wconf 92' lang='lat' dir='ltr'><strong>non</strong></span> <span class='ocrx_word' id='word_1_65' title='bbox 515 1309 622 1370; x_wconf 92' lang='lat' dir='ltr'><strong>ducem</strong></span> <span class='ocrx_word' id='word_1_66' title='bbox 643 1307 783 1371; x_wconf 87' lang='lat' dir='ltr'><strong>Valerius</strong></span> <span class='ocrx_word' id='word_1_67' title='bbox 805 1308 941 1371; x_wconf 83' lang='lat' dir='ltr'><strong>dixisset</strong></span> 
     </span>
    </p>

    <p class='ocr_par' dir='ltr' id='par_1_4' title="bbox 182 1411 1295 1702">
     <span class='ocr_line' id='line_1_10' title="bbox 283 1411 1287 1476; baseline 0.001 -1"><span class='ocrx_word' id='word_1_68' title='bbox 283 1412 322 1475; x_wconf 93' lang='lat' dir='ltr'><strong>In</strong></span> <span class='ocrx_word' id='word_1_69' title='bbox 341 1413 447 1476; x_wconf 89' lang='lat' dir='ltr'><strong>eodem</strong></span> <span class='ocrx_word' id='word_1_70' title='bbox 466 1412 541 1473; x_wconf 92' lang='lat' dir='ltr'><strong>libro</strong></span> <span class='ocrx_word' id='word_1_71' title='bbox 562 1430 706 1472; x_wconf 83' lang='lat' dir='ltr'><strong>versuum</strong></span> <span class='ocrx_word' id='word_1_72' title='bbox 722 1416 762 1473; x_wconf 81' lang='grc'><strong>37</strong></span> <span class='ocrx_word' id='word_1_73' title='bbox 766 1414 784 1473; x_wconf 85' lang='grc'>5</span> <span class='ocrx_word' id='word_1_74' title='bbox 802 1414 834 1474; x_wconf 91' lang='lat' dir='ltr'><strong>et</strong></span> <span class='ocrx_word' id='word_1_75' title='bbox 850 1416 912 1476; x_wconf 84' lang='grc'><strong>376</strong></span> <span class='ocrx_word' id='word_1_76' title='bbox 935 1411 1116 1474; x_wconf 85' lang='lat' dir='ltr'><strong>sententiam</strong></span> <span class='ocrx_word' id='word_1_77' title='bbox 1135 1431 1196 1474; x_wconf 91' lang='lat' dir='ltr'><strong>non</strong></span> <span class='ocrx_word' id='word_1_78' title='bbox 1210 1412 1287 1476; x_wconf 92' lang='lat' dir='ltr'><strong>inte-</strong></span> 
     </span>
     <span class='ocr_line' id='line_1_11' title="bbox 182 1514 1295 1598; baseline 0 -20"><span class='ocrx_word' id='word_1_79' title='bbox 182 1533 269 1598; x_wconf 60' lang='lat' dir='ltr'><strong>gam</strong></span> <span class='ocrx_word' id='word_1_80' title='bbox 295 1536 364 1578; x_wconf 91' lang='lat' dir='ltr'><strong>esse</strong></span> <span class='ocrx_word' id='word_1_81' title='bbox 393 1516 485 1578; x_wconf 90' lang='lat' dir='ltr'><strong>miror</strong></span> <span class='ocrx_word' id='word_1_82' title='bbox 512 1515 593 1594; x_wconf 91' lang='lat' dir='ltr'><strong>quod</strong></span> <span class='ocrx_word' id='word_1_83' title='bbox 620 1514 802 1595; x_wconf 74' lang='lat' dir='ltr'><strong>interpretes</strong></span> <span class='ocrx_word' id='word_1_84' title='bbox 832 1515 917 1595; x_wconf 87' lang='lat' dir='ltr'><strong>sugit</strong></span> <span class='ocrx_word' id='word_1_85' title='bbox 952 1533 1023 1576; x_wconf 89' lang='lat' dir='ltr'><strong>nam</strong></span> <span class='ocrx_word' id='word_1_86' title='bbox 1049 1515 1075 1576; x_wconf 92' lang='lat' dir='ltr'><strong>si</strong></span> <span class='ocrx_word' id='word_1_87' title='bbox 1095 1516 1190 1577; x_wconf 83' lang='lat' dir='ltr'><strong>rerba</strong></span> <span class='ocrx_word' id='word_1_88' title='bbox 1210 1517 1295 1597; x_wconf 86' lang='lat' dir='ltr'><strong>quae</strong></span> 
     </span>
     <span class='ocr_line' id='line_1_12' title="bbox 183 1616 1289 1702; baseline 0.002 -22"><span class='ocrx_word' id='word_1_89' title='bbox 183 1621 254 1682; x_wconf 90' lang='lat' dir='ltr'><strong>suut</strong></span> <span class='ocrx_word' id='word_1_90' title='bbox 275 1619 462 1700; x_wconf 62' lang='lat' dir='ltr'><strong>docemurque</strong></span> <span class='ocrx_word' id='word_1_91' title='bbox 480 1617 582 1680; x_wconf 69' lang='grc' dir='ltr'><strong>ἄοικοι</strong></span> <span class='ocrx_word' id='word_1_92' title='bbox 599 1616 806 1700; x_wconf 61' lang='lat' dir='ltr'><strong>fraudataque</strong></span> <span class='ocrx_word' id='word_1_93' title='bbox 830 1622 960 1701; x_wconf 79' lang='lat' dir='ltr'><strong>tempore</strong></span> <span class='ocrx_word' id='word_1_94' title='bbox 980 1621 1065 1700; x_wconf 72' lang='lat' dir='ltr'><strong>segni</strong></span> <span class='ocrx_word' id='word_1_95' title='bbox 1082 1622 1148 1682; x_wconf 83' lang='lat' dir='ltr'><strong>voto</strong></span> <span class='ocrx_word' id='word_1_96' title='bbox 1162 1623 1289 1702; x_wconf 81' lang='lat' dir='ltr'><strong>patrum</strong></span> 
     </span>
    </p>
   </div>
   <div class='ocr_carea' id='block_1_4' title="bbox 183 1719 1390 1801">
    <p class='ocr_par' dir='ltr' id='par_1_5' title="bbox 183 1719 1390 1801">
     <span class='ocr_line' id='line_1_13' title="bbox 183 1719 1390 1801; baseline -0.001 -17"><span class='ocrx_word' id='word_1_97' title='bbox 183 1723 222 1784; x_wconf 87' lang='lat' dir='ltr'><strong>ad</strong></span> <span class='ocrx_word' id='word_1_98' title='bbox 241 1721 383 1784; x_wconf 64' lang='lat' dir='ltr'><strong>madore</strong></span> <span class='ocrx_word' id='word_1_99' title='bbox 412 1721 596 1783; x_wconf 84' lang='lat' dir='ltr'><strong>reseruntur:</strong></span> <span class='ocrx_word' id='word_1_100' title='bbox 623 1721 654 1781; x_wconf 92' lang='lat' dir='ltr'><strong>id</strong></span> <span class='ocrx_word' id='word_1_101' title='bbox 683 1721 764 1800; x_wconf 88' lang='lat' dir='ltr'><strong>quod</strong></span> <span class='ocrx_word' id='word_1_102' title='bbox 792 1740 859 1782; x_wconf 92' lang='lat' dir='ltr'><strong>cum</strong></span> <span class='ocrx_word' id='word_1_103' title='bbox 886 1721 958 1801; x_wconf 90' lang='lat' dir='ltr'><strong>post</strong></span> <span class='ocrx_word' id='word_1_104' title='bbox 977 1719 1091 1783; x_wconf 66' lang='lat' dir='ltr'><strong>amaa</strong></span> <span class='ocrx_word' id='word_1_105' title='bbox 1113 1721 1206 1800; x_wconf 86' lang='lat' dir='ltr'><strong>vulgo</strong></span> <span class='ocrx_word' id='word_1_106' title='bbox 1228 1729 1302 1784; x_wconf 71' lang='lat' dir='ltr'><strong>non*</strong></span> <span class='ocrx_word' id='word_1_107' title='bbox 1387 1746 1390 1752; x_wconf 48' lang='lat'>¹</span> 
     </span>
    </p>
   </div>
   <div class='ocr_carea' id='block_1_5' title="bbox 182 1822 1295 4380">
    <p class='ocr_par' dir='ltr' id='par_1_6' title="bbox 182 1822 1291 2732">
     <span class='ocr_line' id='line_1_14' title="bbox 182 1822 1289 1904; baseline 0 -17"><span class='ocrx_word' id='word_1_108' title='bbox 182 1826 357 1888; x_wconf 87' lang='lat' dir='ltr'><strong>distinctum</strong></span> <span class='ocrx_word' id='word_1_109' title='bbox 378 1824 418 1885; x_wconf 92' lang='lat' dir='ltr'><strong>sit</strong></span> <span class='ocrx_word' id='word_1_110' title='bbox 439 1822 621 1904; x_wconf 80' lang='lat' dir='ltr'><strong>interpretes</strong></span> <span class='ocrx_word' id='word_1_111' title='bbox 640 1823 774 1884; x_wconf 85' lang='lat' dir='ltr'><strong>voluisse</strong></span> <span class='ocrx_word' id='word_1_112' title='bbox 795 1824 883 1904; x_wconf 91' lang='lat' dir='ltr'><strong>puto:</strong></span> <span class='ocrx_word' id='word_1_113' title='bbox 912 1842 966 1885; x_wconf 88' lang='lat' dir='ltr'><strong>eur</strong></span> <span class='ocrx_word' id='word_1_114' title='bbox 995 1823 1037 1884; x_wconf 94' lang='lat' dir='ltr'><strong>dii</strong></span> <span class='ocrx_word' id='word_1_115' title='bbox 1056 1823 1194 1886; x_wconf 73' lang='lat' dir='ltr'><strong>baudata</strong></span> <span class='ocrx_word' id='word_1_116' title='bbox 1216 1827 1289 1888; x_wconf 81' lang='lat' dir='ltr'><strong>rota</strong></span> 
     </span>
     <span class='ocr_line' id='line_1_15' title="bbox 182 1924 1289 2010; baseline -0.003 -19"><span class='ocrx_word' id='word_1_117' title='bbox 182 1931 302 2010; x_wconf 90' lang='lat' dir='ltr'><strong>patrum</strong></span> <span class='ocrx_word' id='word_1_118' title='bbox 323 1925 509 2006; x_wconf 78' lang='lat' dir='ltr'><strong>Argonautis</strong></span> <span class='ocrx_word' id='word_1_119' title='bbox 538 1925 702 1988; x_wconf 85' lang='lat' dir='ltr'><strong>inviderint</strong></span> <span class='ocrx_word' id='word_1_120' title='bbox 730 1946 791 1988; x_wconf 91' lang='lat' dir='ltr'><strong>nou</strong></span> <span class='ocrx_word' id='word_1_121' title='bbox 811 1925 1015 2005; x_wconf 79' lang='lat' dir='ltr'><strong>intellegitur3</strong></span> <span class='ocrx_word' id='word_1_122' title='bbox 1043 1924 1091 1986; x_wconf 90' lang='lat' dir='ltr'><strong>sin</strong></span> <span class='ocrx_word' id='word_1_123' title='bbox 1113 1927 1208 1988; x_wconf 83' lang='lat' dir='ltr'><strong>rerba</strong></span> <span class='ocrx_word' id='word_1_124' title='bbox 1227 1927 1289 2004; x_wconf 89' lang='lat' dir='ltr'><strong>illa,</strong></span> 
     </span>
     <span class='ocr_line' id='line_1_16' title="bbox 183 2028 1289 2109; baseline -0.001 -16"><span class='ocrx_word' id='word_1_125' title='bbox 183 2033 219 2094; x_wconf 92' lang='lat' dir='ltr'><strong>ut</strong></span> <span class='ocrx_word' id='word_1_126' title='bbox 239 2049 364 2092; x_wconf 83' lang='lat' dir='ltr'><strong>versum</strong></span> <span class='ocrx_word' id='word_1_127' title='bbox 386 2032 459 2104; x_wconf 78' lang='lat'><strong>375,</strong></span> <span class='ocrx_word' id='word_1_128' title='bbox 479 2047 498 2089; x_wconf 91' lang='lat' dir='ltr'><strong>a</strong></span> <span class='ocrx_word' id='word_1_129' title='bbox 515 2029 608 2091; x_wconf 82' lang='lat' dir='ltr'><strong>verbo</strong></span> <span class='ocrx_word' id='word_1_130' title='bbox 629 2029 727 2109; x_wconf 89' lang='lat' dir='ltr'><strong>aliquo</strong></span> <span class='ocrx_word' id='word_1_131' title='bbox 748 2028 879 2105; x_wconf 91' lang='lat' dir='ltr'><strong>dicendi,</strong></span> <span class='ocrx_word' id='word_1_132' title='bbox 901 2029 981 2109; x_wconf 94' lang='lat' dir='ltr'><strong>quod</strong></span> <span class='ocrx_word' id='word_1_133' title='bbox 1003 2047 1020 2090; x_wconf 90' lang='lat' dir='ltr'><strong>c</strong></span> <span class='ocrx_word' id='word_1_134' title='bbox 1040 2049 1098 2092; x_wconf 81' lang='lat' dir='ltr'><strong>noa</strong></span> <span class='ocrx_word' id='word_1_135' title='bbox 1118 2028 1189 2092; x_wconf 79' lang='lat' dir='ltr'><strong>tulit</strong></span> <span class='ocrx_word' id='word_1_136' title='bbox 1209 2031 1289 2092; x_wconf 86' lang='lat' dir='ltr'><strong>roci-</strong></span> 
     </span>
     <span class='ocr_line' id='line_1_17' title="bbox 183 2132 1290 2214; baseline 0 -17"><span class='ocrx_word' id='word_1_137' title='bbox 183 2135 240 2198; x_wconf 91' lang='lat' dir='ltr'><strong>bus</strong></span> <span class='ocrx_word' id='word_1_138' title='bbox 260 2133 292 2194; x_wconf 93' lang='lat' dir='ltr'><strong>in</strong></span> <span class='ocrx_word' id='word_1_139' title='bbox 313 2151 406 2194; x_wconf 80' lang='lat' dir='ltr'><strong>uersu</strong></span> <span class='ocrx_word' id='word_1_140' title='bbox 427 2135 490 2194; x_wconf 82' lang='lat'><strong>374</strong></span> <span class='ocrx_word' id='word_1_141' title='bbox 510 2132 597 2194; x_wconf 90' lang='lat' dir='ltr'><strong>facile</strong></span> <span class='ocrx_word' id='word_1_142' title='bbox 620 2132 789 2214; x_wconf 84' lang='lat' dir='ltr'><strong>suppletur,</strong></span> <span class='ocrx_word' id='word_1_143' title='bbox 808 2133 941 2213; x_wconf 91' lang='lat' dir='ltr'><strong>pendere</strong></span> <span class='ocrx_word' id='word_1_144' title='bbox 962 2132 1141 2211; x_wconf 80' lang='lat' dir='ltr'><strong>cogitamus,</strong></span> <span class='ocrx_word' id='word_1_145' title='bbox 1162 2134 1290 2214; x_wconf 84' lang='lat' dir='ltr'><strong>patriam</strong></span> 
     </span>
     <span class='ocr_line' id='line_1_18' title="bbox 183 2233 1289 2315; baseline 0.001 -17"><span class='ocrx_word' id='word_1_146' title='bbox 183 2236 334 2298; x_wconf 77' lang='lat' dir='ltr'><strong>frustra</strong></span> <span class='ocrx_word' id='word_1_147' title='bbox 354 2233 490 2298; x_wconf 89' lang='lat' dir='ltr'><strong>relictam</strong></span> <span class='ocrx_word' id='word_1_148' title='bbox 503 2234 667 2298; x_wconf 78' lang='lat' dir='ltr'><strong>Herculem</strong></span> <span class='ocrx_word' id='word_1_149' title='bbox 683 2235 873 2315; x_wconf 88' lang='lat' dir='ltr'><strong>indignatum</strong></span> <span class='ocrx_word' id='word_1_150' title='bbox 895 2253 963 2296; x_wconf 89' lang='lat' dir='ltr'><strong>esse</strong></span> <span class='ocrx_word' id='word_1_151' title='bbox 985 2239 1217 2298; x_wconf 88' lang='lat' dir='ltr'><strong>consentaneum</strong></span> <span class='ocrx_word' id='word_1_152' title='bbox 1233 2240 1289 2299; x_wconf 86' lang='lat' dir='ltr'><strong>est</strong></span> 
     </span>
     <span class='ocr_line' id='line_1_19' title="bbox 182 2337 1291 2422; baseline 0 -22"><span class='ocrx_word' id='word_1_153' title='bbox 182 2338 214 2400; x_wconf 92' lang='lat' dir='ltr'><strong>id</strong></span> <span class='ocrx_word' id='word_1_154' title='bbox 234 2355 328 2400; x_wconf 83' lang='lat' dir='ltr'><strong>versu</strong></span> <span class='ocrx_word' id='word_1_155' title='bbox 352 2357 439 2418; x_wconf 92' lang='lat' dir='ltr'><strong>quem</strong></span> <span class='ocrx_word' id='word_1_156' title='bbox 461 2338 649 2400; x_wconf 81' lang='lat' dir='ltr'><strong>intercidisse</strong></span> <span class='ocrx_word' id='word_1_157' title='bbox 676 2339 770 2402; x_wconf 78' lang='lat' dir='ltr'><strong>statui</strong></span> <span class='ocrx_word' id='word_1_158' title='bbox 791 2340 912 2420; x_wconf 88' lang='lat' dir='ltr'><strong>poetam</strong></span> <span class='ocrx_word' id='word_1_159' title='bbox 938 2337 1125 2416; x_wconf 84' lang='lat' dir='ltr'><strong>significasse</strong></span> <span class='ocrx_word' id='word_1_160' title='bbox 1147 2340 1291 2422; x_wconf 88' lang='lat' dir='ltr'><strong>suspicor,</strong></span> 
     </span>
     <span class='ocr_line' id='line_1_20' title="bbox 184 2439 1291 2526; baseline 0.001 -22"><span class='ocrx_word' id='word_1_161' title='bbox 184 2441 332 2520; x_wconf 88' lang='lat' dir='ltr'><strong>simulque</strong></span> <span class='ocrx_word' id='word_1_162' title='bbox 349 2440 421 2521; x_wconf 87' lang='lat' dir='ltr'><strong>quid</strong></span> <span class='ocrx_word' id='word_1_163' title='bbox 444 2442 486 2504; x_wconf 93' lang='lat' dir='ltr'><strong>dii</strong></span> <span class='ocrx_word' id='word_1_164' title='bbox 497 2441 684 2522; x_wconf 82' lang='lat' dir='ltr'><strong>Argonautis</strong></span> <span class='ocrx_word' id='word_1_165' title='bbox 704 2443 894 2518; x_wconf 83' lang='lat' dir='ltr'><strong>invidissent,</strong></span> <span class='ocrx_word' id='word_1_166' title='bbox 914 2439 1041 2522; x_wconf 88' lang='lat' dir='ltr'><strong>gloriam</strong></span> <span class='ocrx_word' id='word_1_167' title='bbox 1057 2443 1186 2504; x_wconf 87' lang='lat' dir='ltr'><strong>sortasse</strong></span> <span class='ocrx_word' id='word_1_168' title='bbox 1201 2463 1291 2526; x_wconf 85' lang='lat' dir='ltr'><strong>quam</strong></span> 
     </span>
     <span class='ocr_line' id='line_1_21' title="bbox 185 2543 1291 2627; baseline 0 -19"><span class='ocrx_word' id='word_1_169' title='bbox 185 2543 376 2627; x_wconf 88' lang='lat' dir='ltr'><strong>expeditione</strong></span> <span class='ocrx_word' id='word_1_170' title='bbox 412 2547 474 2607; x_wconf 89' lang='lat' dir='ltr'><strong>tam</strong></span> <span class='ocrx_word' id='word_1_171' title='bbox 504 2545 674 2627; x_wconf 89' lang='lat' dir='ltr'><strong>periculosa</strong></span> <span class='ocrx_word' id='word_1_172' title='bbox 706 2546 745 2607; x_wconf 83' lang='lat' dir='ltr'><strong>ad</strong></span> <span class='ocrx_word' id='word_1_173' title='bbox 772 2545 890 2608; x_wconf 88' lang='lat' dir='ltr'><strong>felicem</strong></span> <span class='ocrx_word' id='word_1_174' title='bbox 917 2545 1032 2608; x_wconf 85' lang='lat' dir='ltr'><strong>exitum</strong></span> <span class='ocrx_word' id='word_1_175' title='bbox 1059 2547 1206 2627; x_wconf 89' lang='lat' dir='ltr'><strong>perducta</strong></span> <span class='ocrx_word' id='word_1_176' title='bbox 1234 2547 1291 2610; x_wconf 90' lang='lat' dir='ltr'><strong>sibi</strong></span> 
     </span>
     <span class='ocr_line' id='line_1_22' title="bbox 183 2647 450 2732; baseline 0 -22"><span class='ocrx_word' id='word_1_177' title='bbox 183 2647 319 2732; x_wconf 89' lang='lat' dir='ltr'><strong>paraturi</strong></span> <span class='ocrx_word' id='word_1_178' title='bbox 339 2651 450 2710; x_wconf 87' lang='lat' dir='ltr'><strong>essent</strong></span> 
     </span>
    </p>

    <p class='ocr_par' dir='ltr' id='par_1_7' title="bbox 183 2748 1295 4380">
     <span class='ocr_line' id='line_1_23' title="bbox 288 2748 1289 2833; baseline 0 -19"><span class='ocrx_word' id='word_1_179' title='bbox 288 2750 423 2814; x_wconf 81' lang='lat' dir='ltr'><strong>Transeo</strong></span> <span class='ocrx_word' id='word_1_180' title='bbox 451 2750 490 2810; x_wconf 88' lang='lat' dir='ltr'><strong>ad</strong></span> <span class='ocrx_word' id='word_1_181' title='bbox 509 2748 578 2810; x_wconf 89' lang='lat' dir='ltr'><strong>libri</strong></span> <span class='ocrx_word' id='word_1_182' title='bbox 597 2751 679 2814; x_wconf 87' lang='lat' dir='ltr'><strong>tertii</strong></span> <span class='ocrx_word' id='word_1_183' title='bbox 700 2771 823 2814; x_wconf 82' lang='lat' dir='ltr'><strong>versum</strong></span> <span class='ocrx_word' id='word_1_184' title='bbox 843 2771 972 2828; x_wconf 91' lang='lat' dir='ltr'><strong>nonum,</strong></span> <span class='ocrx_word' id='word_1_185' title='bbox 995 2752 1047 2814; x_wconf 91' lang='lat' dir='ltr'><strong>ubi</strong></span> <span class='ocrx_word' id='word_1_186' title='bbox 1067 2752 1099 2813; x_wconf 92' lang='lat' dir='ltr'><strong>in</strong></span> <span class='ocrx_word' id='word_1_187' title='bbox 1118 2753 1289 2833; x_wconf 89' lang='lat' dir='ltr'><strong>archetypo,</strong></span> 
     </span>
     <span class='ocr_line' id='line_1_24' title="bbox 186 2853 1291 2936; baseline 0.002 -20"><span class='ocrx_word' id='word_1_188' title='bbox 186 2874 204 2916; x_wconf 89' lang='lat' dir='ltr'><strong>e</strong></span> <span class='ocrx_word' id='word_1_189' title='bbox 234 2873 293 2934; x_wconf 92' lang='lat' dir='ltr'><strong>quo</strong></span> <span class='ocrx_word' id='word_1_190' title='bbox 314 2854 481 2917; x_wconf 87' lang='lat' dir='ltr'><strong>Vaticanus</strong></span> <span class='ocrx_word' id='word_1_191' title='bbox 507 2854 677 2936; x_wconf 84' lang='lat' dir='ltr'><strong>descriptus</strong></span> <span class='ocrx_word' id='word_1_192' title='bbox 699 2857 762 2931; x_wconf 90' lang='lat' dir='ltr'><strong>est,</strong></span> <span class='ocrx_word' id='word_1_193' title='bbox 792 2855 931 2917; x_wconf 86' lang='lat' dir='ltr'><strong>lacunam</strong></span> <span class='ocrx_word' id='word_1_194' title='bbox 958 2853 1052 2916; x_wconf 89' lang='lat' dir='ltr'><strong>habes</strong></span> <span class='ocrx_word' id='word_1_195' title='bbox 1078 2872 1114 2914; x_wconf 91' lang='lat' dir='ltr'><strong>eo</strong></span> <span class='ocrx_word' id='word_1_196' title='bbox 1144 2857 1291 2932; x_wconf 87' lang='lat' dir='ltr'><strong>exortam,</strong></span> 
     </span>
     <span class='ocr_line' id='line_1_25' title="bbox 185 2957 1292 3039; baseline 0.002 -21"><span class='ocrx_word' id='word_1_197' title='bbox 185 2957 266 3037; x_wconf 93' lang='lat' dir='ltr'><strong>quod</strong></span> <span class='ocrx_word' id='word_1_198' title='bbox 284 2957 424 3019; x_wconf 89' lang='lat' dir='ltr'><strong>librarius</strong></span> <span class='ocrx_word' id='word_1_199' title='bbox 447 2976 579 3019; x_wconf 80' lang='lat' dir='ltr'><strong>eversu</strong></span> <span class='ocrx_word' id='word_1_200' title='bbox 597 2977 675 3020; x_wconf 94' lang='lat' dir='ltr'><strong>nono</strong></span> <span class='ocrx_word' id='word_1_201' title='bbox 698 2959 842 3021; x_wconf 88' lang='lat' dir='ltr'><strong>aberrans</strong></span> <span class='ocrx_word' id='word_1_202' title='bbox 864 2958 896 3018; x_wconf 93' lang='lat' dir='ltr'><strong>in</strong></span> <span class='ocrx_word' id='word_1_203' title='bbox 918 2957 1065 3019; x_wconf 90' lang='lat' dir='ltr'><strong>decimum</strong></span> <span class='ocrx_word' id='word_1_204' title='bbox 1091 2957 1193 3018; x_wconf 86' lang='lat' dir='ltr'><strong>verbis</strong></span> <span class='ocrx_word' id='word_1_205' title='bbox 1215 2977 1292 3039; x_wconf 89' lang='lat' dir='ltr'><strong>quae</strong></span> 
     </span>
     <span class='ocr_line' id='line_1_26' title="bbox 187 3060 1291 3142; baseline 0.004 -20"><span class='ocrx_word' id='word_1_206' title='bbox 187 3065 258 3122; x_wconf 90' lang='lat' dir='ltr'><strong>sunt</strong></span> <span class='ocrx_word' id='word_1_207' title='bbox 279 3061 405 3142; x_wconf 69' lang='lat' dir='ltr'><strong>(lyrim</strong></span> <span class='ocrx_word' id='word_1_208' title='bbox 425 3063 560 3124; x_wconf 74' lang='lat' dir='ltr'><strong>abscessu</strong></span> <span class='ocrx_word' id='word_1_209' title='bbox 580 3063 743 3124; x_wconf 64' lang='lat' dir='ltr'><strong>lccmmunc</strong></span> <span class='ocrx_word' id='word_1_210' title='bbox 767 3061 914 3123; x_wconf 87' lang='lat' dir='ltr'><strong>adiciebat</strong></span> <span class='ocrx_word' id='word_1_211' title='bbox 936 3064 1066 3124; x_wconf 71' lang='lat' dir='ltr'><strong>occiana</strong></span> <span class='ocrx_word' id='word_1_212' title='bbox 1086 3060 1226 3124; x_wconf 72' lang='lat' dir='ltr'><strong>Percosia</strong></span> <span class='ocrx_word' id='word_1_213' title='bbox 1247 3083 1291 3126; x_wconf 75' lang='lat' dir='ltr'><strong>oe</strong></span> 
     </span>
     <span class='ocr_line' id='line_1_27' title="bbox 185 3163 1292 3244; baseline 0.001 -17"><span class='ocrx_word' id='word_1_214' title='bbox 185 3167 260 3228; x_wconf 68' lang='lat' dir='ltr'><strong>aa:</strong></span> <span class='ocrx_word' id='word_1_215' title='bbox 285 3163 312 3226; x_wconf 91' lang='lat' dir='ltr'><strong>is</strong></span> <span class='ocrx_word' id='word_1_216' title='bbox 342 3164 394 3244; x_wconf 92' lang='lat' dir='ltr'><strong>qni</strong></span> <span class='ocrx_word' id='word_1_217' title='bbox 421 3164 552 3227; x_wconf 88' lang='lat' dir='ltr'><strong>correxit</strong></span> <span class='ocrx_word' id='word_1_218' title='bbox 579 3163 664 3228; x_wconf 89' lang='lat' dir='ltr'><strong>illum</strong></span> <span class='ocrx_word' id='word_1_219' title='bbox 684 3164 794 3225; x_wconf 89' lang='lat' dir='ltr'><strong>librum</strong></span> <span class='ocrx_word' id='word_1_220' title='bbox 820 3185 881 3226; x_wconf 92' lang='lat' dir='ltr'><strong>non</strong></span> <span class='ocrx_word' id='word_1_221' title='bbox 905 3164 1019 3226; x_wconf 90' lang='lat' dir='ltr'><strong>addidit</strong></span> <span class='ocrx_word' id='word_1_222' title='bbox 1039 3183 1149 3226; x_wconf 82' lang='lat' dir='ltr'><strong>versus</strong></span> <span class='ocrx_word' id='word_1_223' title='bbox 1168 3166 1239 3227; x_wconf 89' lang='lat' dir='ltr'><strong>noni</strong></span> <span class='ocrx_word' id='word_1_224' title='bbox 1260 3169 1292 3228; x_wconf 89' lang='lat' dir='ltr'><strong>et</strong></span> 
     </span>
     <span class='ocr_line' id='line_1_28' title="bbox 187 3265 1292 3348; baseline 0 -19"><span class='ocrx_word' id='word_1_225' title='bbox 187 3267 292 3329; x_wconf 91' lang='lat' dir='ltr'><strong>decimi</strong></span> <span class='ocrx_word' id='word_1_226' title='bbox 321 3269 426 3348; x_wconf 84' lang='lat' dir='ltr'><strong>partas</strong></span> <span class='ocrx_word' id='word_1_227' title='bbox 449 3265 592 3345; x_wconf 82' lang='lat' dir='ltr'><strong>omissas,</strong></span> <span class='ocrx_word' id='word_1_228' title='bbox 619 3265 674 3328; x_wconf 88' lang='lat' dir='ltr'><strong>sed</strong></span> <span class='ocrx_word' id='word_1_229' title='bbox 697 3285 820 3328; x_wconf 85' lang='lat' dir='ltr'><strong>versum</strong></span> <span class='ocrx_word' id='word_1_230' title='bbox 848 3266 996 3328; x_wconf 89' lang='lat' dir='ltr'><strong>decimum</strong></span> <span class='ocrx_word' id='word_1_231' title='bbox 1023 3267 1120 3326; x_wconf 91' lang='lat' dir='ltr'><strong>totum</strong></span> <span class='ocrx_word' id='word_1_232' title='bbox 1149 3266 1240 3348; x_wconf 90' lang='lat' dir='ltr'><strong>idque</strong></span> <span class='ocrx_word' id='word_1_233' title='bbox 1260 3269 1292 3330; x_wconf 91' lang='lat' dir='ltr'><strong>in</strong></span> 
     </span>
     <span class='ocr_line' id='line_1_29' title="bbox 184 3368 1291 3451; baseline 0.002 -19"><span class='ocrx_word' id='word_1_234' title='bbox 184 3371 323 3450; x_wconf 87' lang='lat' dir='ltr'><strong>margine</strong></span> <span class='ocrx_word' id='word_1_235' title='bbox 345 3370 474 3451; x_wconf 87' lang='lat' dir='ltr'><strong>paginae</strong></span> <span class='ocrx_word' id='word_1_236' title='bbox 495 3368 649 3447; x_wconf 81' lang='lat' dir='ltr'><strong>inferiore,</strong></span> <span class='ocrx_word' id='word_1_237' title='bbox 673 3388 732 3450; x_wconf 89' lang='lat' dir='ltr'><strong>qua</strong></span> <span class='ocrx_word' id='word_1_238' title='bbox 755 3389 789 3430; x_wconf 91' lang='lat' dir='ltr'><strong>re</strong></span> <span class='ocrx_word' id='word_1_239' title='bbox 810 3371 923 3432; x_wconf 74' lang='lat' dir='ltr'><strong>factunm</strong></span> <span class='ocrx_word' id='word_1_240' title='bbox 944 3370 1007 3445; x_wconf 90' lang='lat' dir='ltr'><strong>est,</strong></span> <span class='ocrx_word' id='word_1_241' title='bbox 1034 3369 1122 3429; x_wconf 91' lang='lat' dir='ltr'><strong>utin</strong></span> <span class='ocrx_word' id='word_1_242' title='bbox 1143 3368 1291 3434; x_wconf 84' lang='lat' dir='ltr'><strong>Vaticano</strong></span> 
     </span>
     <span class='ocr_line' id='line_1_30' title="bbox 183 3471 1294 3554; baseline -0.001 -16"><span class='ocrx_word' id='word_1_243' title='bbox 183 3473 329 3554; x_wconf 89' lang='lat' dir='ltr'><strong>librisque</strong></span> <span class='ocrx_word' id='word_1_244' title='bbox 350 3492 390 3536; x_wconf 88' lang='lat' dir='ltr'><strong>ex</strong></span> <span class='ocrx_word' id='word_1_245' title='bbox 413 3491 450 3533; x_wconf 90' lang='lat' dir='ltr'><strong>eo</strong></span> <span class='ocrx_word' id='word_1_246' title='bbox 470 3471 645 3554; x_wconf 83' lang='lat' dir='ltr'><strong>propagatis</strong></span> <span class='ocrx_word' id='word_1_247' title='bbox 665 3491 774 3534; x_wconf 85' lang='lat' dir='ltr'><strong>versus</strong></span> <span class='ocrx_word' id='word_1_248' title='bbox 796 3473 930 3534; x_wconf 91' lang='lat' dir='ltr'><strong>decimus</strong></span> <span class='ocrx_word' id='word_1_249' title='bbox 952 3474 1095 3551; x_wconf 88' lang='lat' dir='ltr'><strong>sequatur</strong></span> <span class='ocrx_word' id='word_1_250' title='bbox 1117 3472 1294 3537; x_wconf 82' lang='lat' dir='ltr'><strong>vicesimum</strong></span> 
     </span>
     <span class='ocr_line' id='line_1_31' title="bbox 185 3575 1292 3658; baseline 0.005 -20"><span class='ocrx_word' id='word_1_251' title='bbox 185 3577 329 3658; x_wconf 89' lang='lat' dir='ltr'><strong>quintum.</strong></span> <span class='ocrx_word' id='word_1_252' title='bbox 361 3576 508 3657; x_wconf 92' lang='lat' dir='ltr'><strong>quomodo</strong></span> <span class='ocrx_word' id='word_1_253' title='bbox 535 3579 637 3638; x_wconf 88' lang='lat' dir='ltr'><strong>autem</strong></span> <span class='ocrx_word' id='word_1_254' title='bbox 660 3576 810 3657; x_wconf 84' lang='lat' dir='ltr'><strong>explenda</strong></span> <span class='ocrx_word' id='word_1_255' title='bbox 835 3576 876 3638; x_wconf 92' lang='lat' dir='ltr'><strong>sit</strong></span> <span class='ocrx_word' id='word_1_256' title='bbox 893 3575 946 3638; x_wconf 94' lang='lat' dir='ltr'><strong>illa</strong></span> <span class='ocrx_word' id='word_1_257' title='bbox 966 3575 1074 3637; x_wconf 86' lang='lat' dir='ltr'><strong>lacuna</strong></span> <span class='ocrx_word' id='word_1_258' title='bbox 1095 3575 1218 3640; x_wconf 91' lang='lat' dir='ltr'><strong>dubium</strong></span> <span class='ocrx_word' id='word_1_259' title='bbox 1236 3583 1292 3642; x_wconf 86' lang='lat' dir='ltr'><strong>est</strong></span> 
     </span>
     <span class='ocr_line' id='line_1_32' title="bbox 184 3677 1293 3762; baseline 0.005 -20"><span class='ocrx_word' id='word_1_260' title='bbox 184 3697 284 3760; x_wconf 89' lang='lat' dir='ltr'><strong>neque</strong></span> <span class='ocrx_word' id='word_1_261' title='bbox 306 3679 387 3740; x_wconf 90' lang='lat' dir='ltr'><strong>enim</strong></span> <span class='ocrx_word' id='word_1_262' title='bbox 407 3699 485 3760; x_wconf 88' lang='lat' dir='ltr'><strong>quae</strong></span> <span class='ocrx_word' id='word_1_263' title='bbox 506 3678 539 3740; x_wconf 88' lang='lat' dir='ltr'><strong>i&#39;n</strong></span> <span class='ocrx_word' id='word_1_264' title='bbox 562 3678 674 3741; x_wconf 81' lang='lat' dir='ltr'><strong>Aldina</strong></span> <span class='ocrx_word' id='word_1_265' title='bbox 692 3679 822 3740; x_wconf 89' lang='lat' dir='ltr'><strong>editione</strong></span> <span class='ocrx_word' id='word_1_266' title='bbox 844 3698 862 3740; x_wconf 91' lang='lat' dir='ltr'><strong>e</strong></span> <span class='ocrx_word' id='word_1_267' title='bbox 883 3677 1020 3758; x_wconf 85' lang='lat' dir='ltr'><strong>Vergilio</strong></span> <span class='ocrx_word' id='word_1_268' title='bbox 1045 3679 1133 3758; x_wconf 85' lang='lat' dir='ltr'><strong>(Aen</strong></span> <span class='ocrx_word' id='word_1_269' title='bbox 1148 3680 1200 3744; x_wconf 83' lang='grc' dir='ltr'><strong>ΠΙ</strong></span> <span class='ocrx_word' id='word_1_270' title='bbox 1215 3686 1293 3762; x_wconf 85' lang='grc'>485)</span> 
     </span>
     <span class='ocr_line' id='line_1_33' title="bbox 185 3781 1293 3866; baseline 0.002 -22"><span class='ocrx_word' id='word_1_271' title='bbox 185 3782 287 3844; x_wconf 85' lang='lat' dir='ltr'><strong>addita</strong></span> <span class='ocrx_word' id='word_1_272' title='bbox 307 3785 379 3845; x_wconf 88' lang='lat' dir='ltr'><strong>sunt</strong></span> <span class='ocrx_word' id='word_1_273' title='bbox 402 3785 560 3864; x_wconf 77' lang='lat' dir='ltr'><strong>oneratque</strong></span> <span class='ocrx_word' id='word_1_274' title='bbox 585 3783 721 3866; x_wconf 63' lang='lat' dir='ltr'><strong>uiperea</strong></span> <span class='ocrx_word' id='word_1_275' title='bbox 748 3781 873 3843; x_wconf 91' lang='lat' dir='ltr'><strong>retineri</strong></span> <span class='ocrx_word' id='word_1_276' title='bbox 892 3785 1021 3864; x_wconf 91' lang='lat' dir='ltr'><strong>possunt</strong></span> <span class='ocrx_word' id='word_1_277' title='bbox 1040 3802 1139 3864; x_wconf 89' lang='lat' dir='ltr'><strong>neque</strong></span> <span class='ocrx_word' id='word_1_278' title='bbox 1159 3805 1236 3864; x_wconf 88' lang='lat' dir='ltr'><strong>quae</strong></span> <span class='ocrx_word' id='word_1_279' title='bbox 1261 3785 1293 3846; x_wconf 92' lang='lat' dir='ltr'><strong>in</strong></span> 
     </span>
     <span class='ocr_line' id='line_1_34' title="bbox 183 3884 1292 3968; baseline 0.001 -21"><span class='ocrx_word' id='word_1_280' title='bbox 183 3885 260 3947; x_wconf 94' lang='lat' dir='ltr'><strong>libro</strong></span> <span class='ocrx_word' id='word_1_281' title='bbox 284 3884 435 3948; x_wconf 83' lang='lat' dir='ltr'><strong>Carrionis</strong></span> <span class='ocrx_word' id='word_1_282' title='bbox 464 3886 587 3948; x_wconf 88' lang='lat' dir='ltr'><strong>suerunt</strong></span> <span class='ocrx_word' id='word_1_283' title='bbox 613 3889 667 3948; x_wconf 82' lang='lat' dir='ltr'><strong>cui</strong></span> <span class='ocrx_word' id='word_1_284' title='bbox 691 3885 784 3948; x_wconf 77' lang='lat' dir='ltr'><strong>tradit</strong></span> <span class='ocrx_word' id='word_1_285' title='bbox 810 3887 924 3948; x_wconf 58' lang='lat' dir='ltr'><strong>amum.</strong></span> <span class='ocrx_word' id='word_1_286' title='bbox 961 3903 1032 3946; x_wconf 91' lang='lat' dir='ltr'><strong>nam</strong></span> <span class='ocrx_word' id='word_1_287' title='bbox 1053 3885 1198 3948; x_wconf 89' lang='lat' dir='ltr'><strong>Aldinum</strong></span> <span class='ocrx_word' id='word_1_288' title='bbox 1221 3907 1292 3968; x_wconf 89' lang='lat' dir='ltr'><strong>sup·</strong></span> 
     </span>
     <span class='ocr_line' id='line_1_35' title="bbox 184 3987 1295 4070; baseline 0.004 -22"><span class='ocrx_word' id='word_1_289' title='bbox 184 3988 371 4070; x_wconf 91' lang='lat' dir='ltr'><strong>plemeutum</strong></span> <span class='ocrx_word' id='word_1_290' title='bbox 393 3990 547 4050; x_wconf 90' lang='lat' dir='ltr'><strong>structura</strong></span> <span class='ocrx_word' id='word_1_291' title='bbox 567 3991 665 4064; x_wconf 88' lang='lat' dir='ltr'><strong>caret;</strong></span> <span class='ocrx_word' id='word_1_292' title='bbox 686 3989 719 4050; x_wconf 94' lang='lat' dir='ltr'><strong>in</strong></span> <span class='ocrx_word' id='word_1_293' title='bbox 740 3987 952 4050; x_wconf 88' lang='lat' dir='ltr'><strong>additamentis</strong></span> <span class='ocrx_word' id='word_1_294' title='bbox 967 3987 1117 4051; x_wconf 83' lang='lat' dir='ltr'><strong>Carrionis</strong></span> <span class='ocrx_word' id='word_1_295' title='bbox 1133 3992 1187 4052; x_wconf 76' lang='lat' dir='ltr'><strong>cai</strong></span> <span class='ocrx_word' id='word_1_296' title='bbox 1201 3988 1295 4052; x_wconf 81' lang='lat' dir='ltr'><strong>tradit</strong></span> 
     </span>
     <span class='ocr_line' id='line_1_36' title="bbox 185 4090 1292 4172; baseline 0.001 -19"><span class='ocrx_word' id='word_1_297' title='bbox 185 4093 292 4153; x_wconf 67' lang='lat' dir='ltr'><strong>animm</strong></span> <span class='ocrx_word' id='word_1_298' title='bbox 314 4091 490 4154; x_wconf 71' lang='lat' dir='ltr'><strong>maneribus</strong></span> <span class='ocrx_word' id='word_1_299' title='bbox 508 4095 600 4155; x_wconf 72' lang='lat' dir='ltr'><strong>veras</strong></span> <span class='ocrx_word' id='word_1_300' title='bbox 618 4091 739 4154; x_wconf 91' lang='lat' dir='ltr'><strong>insolite</strong></span> <span class='ocrx_word' id='word_1_301' title='bbox 760 4091 872 4153; x_wconf 91' lang='lat' dir='ltr'><strong>dictum</strong></span> <span class='ocrx_word' id='word_1_302' title='bbox 893 4093 950 4167; x_wconf 92' lang='lat' dir='ltr'><strong>est,</strong></span> <span class='ocrx_word' id='word_1_303' title='bbox 971 4093 1006 4151; x_wconf 93' lang='lat' dir='ltr'><strong>ut</strong></span> <span class='ocrx_word' id='word_1_304' title='bbox 1025 4090 1141 4152; x_wconf 88' lang='lat' dir='ltr'><strong>mittam</strong></span> <span class='ocrx_word' id='word_1_305' title='bbox 1162 4094 1215 4154; x_wconf 81' lang='lat' dir='ltr'><strong>cui</strong></span> <span class='ocrx_word' id='word_1_306' title='bbox 1233 4112 1292 4172; x_wconf 92' lang='lat' dir='ltr'><strong>quo</strong></span> 
     </span>
     <span class='ocr_line' id='line_1_37' title="bbox 184 4191 1292 4275; baseline 0.002 -21"><span class='ocrx_word' id='word_1_307' title='bbox 184 4194 376 4256; x_wconf 85' lang='lat' dir='ltr'><strong>referendum</strong></span> <span class='ocrx_word' id='word_1_308' title='bbox 397 4193 437 4256; x_wconf 93' lang='lat' dir='ltr'><strong>sit</strong></span> <span class='ocrx_word' id='word_1_309' title='bbox 462 4194 585 4257; x_wconf 92' lang='lat' dir='ltr'><strong>dubium</strong></span> <span class='ocrx_word' id='word_1_310' title='bbox 611 4213 688 4257; x_wconf 86' lang='lat' dir='ltr'><strong>esse.</strong></span> <span class='ocrx_word' id='word_1_311' title='bbox 726 4195 798 4258; x_wconf 87' lang='lat' dir='ltr'><strong>mibi</strong></span> <span class='ocrx_word' id='word_1_312' title='bbox 818 4213 926 4257; x_wconf 82' lang='lat' dir='ltr'><strong>versus</strong></span> <span class='ocrx_word' id='word_1_313' title='bbox 951 4192 1021 4254; x_wconf 90' lang='lat' dir='ltr'><strong>noni</strong></span> <span class='ocrx_word' id='word_1_314' title='bbox 1042 4191 1167 4256; x_wconf 81' lang='lat' dir='ltr'><strong>vocibus</strong></span> <span class='ocrx_word' id='word_1_315' title='bbox 1187 4193 1292 4275; x_wconf 89' lang='lat' dir='ltr'><strong>deper-</strong></span> 
     </span>
     <span class='ocr_line' id='line_1_38' title="bbox 184 4295 1292 4380; baseline 0.002 -24"><span class='ocrx_word' id='word_1_316' title='bbox 184 4297 255 4358; x_wconf 91' lang='lat' dir='ltr'><strong>ditis</strong></span> <span class='ocrx_word' id='word_1_317' title='bbox 288 4297 374 4360; x_wconf 87' lang='lat' dir='ltr'><strong>cuius</strong></span> <span class='ocrx_word' id='word_1_318' title='bbox 408 4299 553 4361; x_wconf 87' lang='lat' dir='ltr'><strong>abscessu</strong></span> <span class='ocrx_word' id='word_1_319' title='bbox 583 4297 712 4380; x_wconf 80' lang='lat' dir='ltr'><strong>cyzicus</strong></span> <span class='ocrx_word' id='word_1_320' title='bbox 740 4299 928 4363; x_wconf 81' lang='lat' dir='ltr'><strong>lacrimasset</strong></span> <span class='ocrx_word' id='word_1_321' title='bbox 963 4295 1162 4375; x_wconf 84' lang='lat' dir='ltr'><strong>significatum</strong></span> <span class='ocrx_word' id='word_1_322' title='bbox 1198 4297 1292 4359; x_wconf 82' lang='lat' dir='ltr'><strong>fnisse</strong></span> 
     </span>
    </p>
   </div>
   <div class='ocr_carea' id='block_1_6' title="bbox 0 0 1559 4968">
    <p class='ocr_par' dir='ltr' id='par_1_8' title="bbox 0 0 1559 4968">
     <span class='ocr_line' id='line_1_39' title="bbox 0 0 1559 4968; baseline 0 0"><span class='ocrx_word' id='word_1_323' title='bbox 0 0 1559 4968; x_wconf 95' lang='lat' dir='ltr'><strong> </strong></span> 
     </span>
    </p>
   </div>
  </div>
 </body>
</html>
