3086 4968
253 435 323 477 nx1v
370 447 376 458 ⁸
690 432 918 474 PROLMOWON

255 603 385 664 fortasse
411 598 528 663 Ioviani
556 597 624 660 sint.
656 595 745 660 huius
773 599 882 662 codicis
910 598 1075 680 scripturas
1104 599 1136 662 in
1162 599 1238 663 libro
1261 600 1357 682 primo

234 753 239 762 .
256 705 345 767 attuli
364 722 467 766 omnes
473 751 482 780 ,
502 703 534 764 in
555 702 639 764 libris
658 705 759 764 autem
778 702 830 783 qui
852 705 995 764 secuntur
1015 704 1072 765 hac
1092 703 1208 765 ratione
1226 704 1359 784 migrata

255 809 400 872 leuiorem
416 806 583 886 scripturae
603 805 833 887 discrepantiam
853 805 954 882 omisi,
984 826 1082 888 neque
1103 805 1155 868 ubi
1176 805 1256 867 idem
1278 807 1359 887 quod

252 913 421 976 ,Vaticanus
443 914 505 972 327
510 914 527 970 7
550 908 673 972 exhibet
694 908 884 970 Monacensis
907 909 940 970 id
961 909 1119 984 adnotavi;
1141 908 1222 973 unde
1242 927 1261 969 a
1282 910 1357 971 libro

257 1015 388 1078 secundo
409 1013 462 1075 ubi
488 1013 520 1074 in
537 1013 580 1075 M
596 1012 768 1074 aliudesse
793 1031 883 1091 quam
910 1011 941 1072 iu
969 1011 1003 1078 V
1017 1032 1077 1074 nou
1102 1011 1215 1072 diserte
1235 1011 1357 1074 adnota-

256 1122 323 1182 tum
344 1120 407 1194 est,
425 1117 505 1179 idem
525 1116 557 1177 in
578 1117 705 1195 utroque
726 1114 788 1194 legi
809 1115 964 1176 sciendum
984 1116 1040 1175 est

356 1219 577 1284 Vaticanus
607 1219 692 1280 1653
725 1217 855 1295 (Heinsii
881 1215 1047 1279 Vaticanus
1075 1217 1237 1297 secundus)
1266 1237 1358 1278 mem-

253 1328 428 1403 branaceus,
449 1325 562 1386 formae
583 1321 733 1382 maximae
753 1320 872 1382 saeculo
892 1319 1007 1381 decimo
1023 1319 1125 1399 quinto
1142 1321 1179 1382 ab
1193 1341 1255 1384 una
1267 1341 1358 1384 manu

256 1429 481 1511 elegantissime
508 1425 637 1504 scriptus
665 1426 729 1499 ast,
760 1425 796 1484 ut
823 1423 929 1486 triceni
956 1441 1065 1484 versus
1092 1423 1210 1485 sintin
1237 1427 1357 1506 paginis

257 1533 419 1613 singulis·
448 1531 527 1591 hunc
560 1526 692 1588 codicem
724 1527 756 1588 in
788 1527 848 1588 illis
887 1527 1004 1590 tantum
1036 1525 1175 1590 carminis
1211 1530 1371 1610 partibus,
1408 1523 1415 1535 ’

257 1654 334 1718 qnae
359 1633 438 1695 foliis
467 1630 563 1711 raptis
590 1629 622 1690 in
642 1629 789 1692 Vaticano
822 1634 906 1692 3277
935 1628 1070 1711 perditae
1100 1634 1189 1708 sunt,
1217 1638 1356 1697 accurate

256 1738 382 1816 contuli,
402 1738 559 1817 praeterea
579 1733 693 1812 aliquot
719 1733 905 1813 singulorum
925 1734 1070 1796 librorum
1090 1734 1163 1796 locis
1185 1735 1356 1819 inspexisse

254 1841 328 1904 satis
350 1838 449 1902 habui

357 1940 600 2021 Baginensis
625 1943 708 2002 1863
730 1941 844 2002 formae
864 1941 1003 2016 octavae,
1022 1939 1213 2022 chartaceus,
1235 1943 1354 2006 saeculo

253 2047 367 2110 decimo
388 2045 490 2126 quinto
513 2045 657 2104 exaratus
679 2041 788 2104 XOIH
813 2044 884 2106 solia
903 2043 1042 2106 6611111161.
1078 2046 1185 2108 triceni
1206 2066 1315 2108 versus
1337 2065 1356 2109 a

253 2170 345 2213 manu
367 2148 442 2209 satis
463 2145 531 2208 rudi
552 2147 583 2207 in
605 2146 733 2225 singulis
755 2147 875 2228 paginis
896 2147 1000 2229 scripti
1019 2152 1098 2211 suut
1130 2150 1283 2231 inscriptio
1309 2169 1357 2212 cc·

251 2255 328 2316 dicis
355 2252 431 2314 haee
461 2253 522 2311 est:
551 2248 584 2310 P.
608 2247 724 2312 Valerii
750 2249 852 2314 Flacci
877 2250 1103 2332 Argonauticon
1137 2238 1214 2315 liber
1242 2253 1357 2334 primus

251 2357 363 2441 incipit
1031 2417 1034 2424 .

354 2458 392 2520 In
412 2457 590 2519 bibliotheca
612 2455 797 2522 Ohisiana
819 2459 878 2520 duo
901 2462 973 2521 sunt
986 2458 1101 2521 Valerii
1113 2459 1238 2537 codices,
1260 2459 1357 2522 notati

253 2563 297 2627 Η.
320 2562 355 2629 V.
377 2564 438 2621 172
461 2562 493 2621 61
516 2565 588 2635 173,
606 2561 693 2621 ambo
714 2561 942 2636 membranacei,
963 2562 1076 2623 formae
1097 2563 1271 2641 quadratae,
1291 2580 1356 2623 sae

253 2667 329 2731 culc-
343 2664 456 2726 decimo
479 2663 581 2742 quinto
610 2662 729 2743 scripti,
758 2663 895 2724 foliorum
924 2665 1057 2725 numeris
1084 2683 1144 2726 non
1171 2664 1357 2743 significatis.

252 2771 284 2833 in
302 2769 383 2831 illius
401 2767 490 2845 (172)
509 2765 587 2827 loliis
608 2764 711 2845 primis
734 2764 835 2826 varias
856 2764 1000 2827 lectiones
1024 2786 1084 2829 non
1106 2767 1205 2828 nullas
1226 2768 1259 2828 in
1277 2786 1355 2830 mar·
1447 2757 1453 2771 '

252 2876 324 2956 gine
346 2870 514 2950 adscriptas
534 2868 610 2944 vidi,
638 2887 715 2946 quae
736 2887 797 2928 non
816 2867 926 2929 licebat
948 2867 1135 2947 investigare
1154 2872 1257 2932 utrum
1275 2870 1357 2932 docti

250 2975 378 3040 hominis
399 2973 587 3035 coniecturae
610 2974 723 3047 essent,
744 2988 812 3031 ana
828 2971 929 3032 codice
945 2971 1067 3052 antiquo
1084 2974 1253 3053 excerptae.
1285 2991 1356 3034 nam
1409 3035 1415 3048 ,

252 3079 302 3161 qui
323 3078 370 3140 his
393 3077 479 3139 annis
500 3075 707 3136 bibliothecam
728 3073 810 3134 illam
830 3074 978 3151 adierunt,
996 3094 1056 3136 non
1071 3075 1253 3156 1316166111
1266 3095 1356 3156 quam

250 3182 379 3245 difficilis
393 3179 439 3241 ¹sit
459 3179 525 3240 eius
546 3177 717 3259 praelectus
738 3177 871 3238 inlibris
892 3179 1123 3260 manuscriptis
1144 3180 1356 3256 monstrandis,

250 3287 361 3348 nedum
384 3300 474 3344 usum
499 3301 603 3342 eorum
632 3280 782 3342 concedat
821 3280 853 3341 in
878 3281 1064 3360 marginibus
1092 3281 1216 3344 alterius
1245 3283 1355 3346 codicis

252 3389 341 3469 (173)
364 3387 477 3450 scholia
493 3386 638 3464 leguntur
660 3401 737 3463 quae
754 3382 866 3444 nullius
886 3383 976 3464 pretii
997 3386 1075 3446 sunt.
1204 3367 1208 3374 ¹

208 3501 211 3511 '
357 3489 418 3560 Qui
431 3488 603 3550 Florentiae
623 3487 659 3556 in,
675 3485 853 3549 bibliotheca
872 3487 1145 3549 Laurentiano
1158 3490 1356 3550 asservantur

251 3591 526 3671 Argonauticorum
547 3589 676 3665 codices,
694 3610 746 3652 eos
759 3589 926 3654 Bandinius
946 3593 1009 3652 tam
1030 3593 1169 3652 accurate
1186 3590 1354 3671 descripsit,

251 3698 288 3758 ut
308 3693 383 3754 nihil
411 3693 592 3770 invenerim,
621 3696 702 3773 quod
724 3695 894 3755 addendum
917 3695 1007 3755 esset.
1038 3694 1110 3754 suut
1137 3694 1239 3756 autem
1260 3694 1355 3774 plutei

251 3802 292 3861 39
312 3797 430 3858 codices
450 3799 490 3858 35
513 3800 554 3858 36
575 3799 615 3857 37
639 3800 699 3874 38,
720 3816 846 3878 quorum
865 3795 981 3857 nullum
1003 3795 1124 3874 quidem
1143 3796 1271 3872 contuli,
1299 3797 1355 3858 sed

251 3920 355 3966 omnes
379 3902 441 3960 tam
463 3900 602 3963 accurate
622 3899 751 3980 inspexi,
769 3901 806 3960 ut
826 3899 1002 3961 eVaticano
1022 3904 1106 3961 3277
1128 3918 1180 3960 666
1192 3899 1354 3979 transcrip-
1383 3919 1386 3930 ¹

251 4008 300 4067 tos
313 4022 382 4065 esse
392 4022 448 4084 pro
463 4005 545 4064 certo
558 4001 672 4082 possim
684 4002 851 4063 adfirmare.
878 4003 960 4064 idem
972 4005 1068 4065 testor
1081 4002 1120 4062 de
1136 4003 1236 4065 codice
1251 4003 1353 4064 Mar·

250 4107 376 4181 aiano,
397 4103 535 4168 Venetiis
556 4106 587 4166 in
608 4104 786 4168 bibliotheca
809 4104 912 4168 Sancti
932 4103 1028 4168 Marci
1049 4109 1222 4182 asservato,
1249 4105 1354 4184 quiin

250 4209 342 4274 OXH
363 4210 543 4277 membranis
564 4210 677 4270 formae
706 4206 869 4289 quadratae
898 4209 1018 4270 saeculo
1041 4209 1155 4272 decimo
1178 4207 1280 4289 quinto
1300 4225 1353 4268 ex·

249 4315 352 4376 aratus
375 4316 429 4374 est
