3072 4974
525 451 744 492 ARGONAVTICON
772 451 858 490 LIBER
873 451 924 490 vn.

262 605 436 686 opperiens,
456 603 508 664 ubi
529 603 626 683 prima
645 604 701 666 sibi
723 605 810 664 daret
833 602 954 682 agmina
975 605 1073 665 tellus.

262 712 293 769 at
315 726 388 770 vero
412 711 448 766 ut
470 705 594 766 summis
613 705 673 766 iam
694 723 765 766 rura
783 705 925 766 recedere
947 705 1046 768 cristis

262 811 339 873 vidit
360 813 392 872 et
411 809 521 870 infesta
542 810 695 872 vibrantes
717 807 833 870 casside
853 811 960 886 terras,

262 915 384 976 advolat
405 915 495 992 atque
515 913 574 974 imo
593 913 683 974 tellus
706 930 765 992 qua
787 911 924 992 proxima
944 913 1019 974 collo

263 1017 390 1078 necdum
411 1017 508 1078 umeri
528 1017 630 1079 videre
654 1016 733 1078 diem
754 1015 837 1097 prior
858 1033 931 1076 ense
952 1019 1073 1098 sequaci

265 1123 375 1200 aequat
395 1121 485 1182 humo
507 1123 645 1194 tinnccs;
669 1118 792 1180 rutilum
813 1119 935 1180 thoraca
956 1121 1093 1201 sequenti

264 1230 317 1284 aut
339 1222 451 1303 primas
473 1226 607 1285 amatre
628 1241 735 1284 manus
758 1221 867 1302 premit
886 1222 992 1284 obvius
1013 1227 1090 1286 ante.

264 1345 320 1386 nec
341 1324 439 1404 magis
462 1329 515 1386 aut
537 1325 596 1386 illie
618 1327 672 1386 aut
692 1324 752 1384 illis
772 1323 891 1386 milibus
909 1326 990 1388 ultra

265 1429 387 1504 sufficit,
406 1428 446 1488 ad
465 1429 549 1489 dirae
569 1447 659 1510 quam
678 1445 746 1488 cum
765 1426 941 1506 Tirynthius
959 1431 1074 1510 hydrae

263 1533 386 1612 agmina
406 1531 555 1592 Palladios
577 1531 714 1592 defessus
738 1529 860 1610 respicit
880 1531 976 1610 ignes.

266 1654 339 1714 erge
361 1635 471 1696 iterum
489 1635 528 1696 ad
550 1635 646 1695 socias
667 1636 844 1694 convertere
867 1633 1024 1696 Colchides
1045 1640 1137 1712 artes,

266 1741 297 1798 et
318 1739 424 1815 galeae
445 1756 544 1799 nexus
565 1756 600 1798 ec
623 1736 742 1797 vincula
762 1735 888 1817 dissipat
907 1738 994 1814 imae,

267 1841 483 1920 cunctaturque
504 1842 605 1901 tamen
628 1839 743 1917 totique
766 1857 922 1902 occurrere
943 1841 1021 1902 belle

266 1943 332 2023 ipse
355 1941 452 2023 cupit3
473 1961 544 2021 spes
565 1940 648 2002 nulla
667 1942 771 2017 datur,
795 1943 838 2003 sic
859 1944 989 2025 undique
1008 1945 1137 2007 densant

268 2047 438 2125 terrigenae
459 2046 519 2107 iam
541 2046 629 2125 signa
650 2045 758 2122 duces,
780 2047 948 2128 clamorque
971 2048 1127 2130 tubaeque.

266 2149 384 2229 iamque
404 2168 508 2209 omnes
529 2148 618 2208 cdere
640 2147 754 2227 virum,
771 2148 889 2228 iamque
913 2151 1011 2212 omnia
1028 2155 1132 2212 eontra

267 2252 329 2313 tela
350 2253 460 2312 volant.
479 2255 544 2312 tum
565 2271 637 2312 vero
654 2270 758 2312 amens
777 2252 946 2315 discrimine
968 2257 1062 2331 tanto,

268 2373 356 2436 quam
378 2355 465 2416 mcdc
485 2354 631 2418 Tartareo
654 2357 774 2435 galeam
794 2355 904 2417 Medea
925 2377 1041 2419 veneno

268 2561 298 2621 in
319 2560 434 2622 medios
454 2562 558 2636 territe
577 2580 740 2625 conversae
758 2562 894 2644 protinus
916 2564 1029 2624 hastae.

287 2858 336 2902 616
356 2851 426 2902 (leret
445 2851 547 2915 agmina
566 2855 626 2902 MC:
647 2851 718 2902 daret
736 2851 848 2917 agminia
872 2853 901 2911 V,
926 2851 986 2900 dare
1003 2853 1117 2916 germina
1134 2857 1210 2918 Bon..
1243 2857 1285 2908 det

108 2921 112 2930 ¹
183 2938 297 3000 germina
314 2941 391 2997 Aia,
416 2937 488 2985 daret
508 2935 556 2985 sibi
573 2937 687 3000 germina
705 2939 795 2986 Boline
883 2935 932 2986 616
950 2937 1064 2986 Adverso
1083 2939 1103 2984 O
1119 2941 1212 2990 sublata
1227 2955 1284 3004 poet

182 3023 257 3072 telius
282 3025 492 3086 interpunctione,
517 3021 630 3071 Adversa
649 3025 799 3072 Sinthonner
816 3027 833 3073 i.
853 3021 869 3072 l.
887 3037 913 3083 p.
938 3027 984 3072 181
1090 3025 1219 3075 castriae

185 3113 235 3158 618
253 3108 358 3158 Atuclat
378 3109 402 3158 V
504 3107 555 3155 imo
574 3109 672 3158 Bona:
690 3109 741 3159 ima
762 3107 860 3168 Virta,
885 3123 943 3176 yma
958 3107 991 3156 M
1071 3124 1134 3174 quae
1152 3113 1213 3163 Bon.

155 3237 157 3240 ¹
183 3251 233 3296 619
259 3246 366 3296 Nectum
389 3248 413 3294 V
504 3249 553 3294 620
577 3202 681 3313 ῖὴοτςῖοα
703 3249 728 3295 V
817 3261 839 3294 r.
856 3245 893 3298 th.
911 3249 1041 3308 sequentes
1059 3249 1136 3307 Boia,
1162 3249 1240 3300 rutilo
1258 3251 1285 3301 in

182 3333 285 3382 thorace
302 3331 428 3395 sequentis
446 3333 521 3390 Alci,
545 3335 648 3380 trunces
672 3329 777 3381 rutilum
799 3332 903 3380 thoraca
921 3329 1029 3380 serentes
1047 3341 1090 3381 ant
1106 3334 1210 3384 rutilum
1227 3338 1286 3386 thc-

182 3431 256 3482 raca,
273 3417 382 3481 recenti,
402 3418 454 3466 Aut
471 3433 491 3466 e.
510 3431 533 3478 q.
554 3433 573 3466 r.
593 3417 727 3476 Heinius,
753 3417 856 3468 rutilum
876 3419 981 3467 thoraca
998 3423 1137 3480 secantem,
1160 3421 1212 3471 Aut
1231 3423 1285 3487 pri·

182 3519 236 3555 mas
250 3519 265 3553 a
277 3505 357 3552 mat-re
373 3519 469 3567 manus,
487 3503 579 3567 premit
596 3503 684 3554 obvius
701 3503 772 3553 alter.
788 3506 953 3552 Bumnannue.
966 3502 1077 3564 sortasse
1088 3510 1191 3557 trunces
1207 3507 1285 3558 rutilo

183 3593 285 3642 thorace
299 3590 412 3653 rigentes
497 3594 545 3640 623
565 3604 596 3639 ac
612 3587 664 3652 Mn
750 3589 891 3656 dirynthios
913 3591 938 3640 V
1022 3595 1071 3642 624
1087 3591 1171 3661 ignee]
1190 3609 1286 3660 angues

182 3679 303 3729 Heinsius
391 3680 441 3726 625
457 3675 549 3726 iterum
566 3673 639 3726 Ata:
659 3674 708 3724 iter
730 3677 834 3726 VOBon.
924 3675 1005 3726 sociae
1024 3665 1173 3740 «passerius
1194 3682 1219 3733 V

183 3761 307 3814 convertit
324 3763 385 3812 Pina
455 3765 505 3810 628
524 3759 628 3812 densent
643 3763 749 3810 Bataenr
771 3770 794 3811 et
805 3763 926 3812 Heinsius
995 3767 1044 3814 629
1063 3768 1146 3814 truces
1162 3767 1285 3818 auman-

183 3865 231 3898 και
306 3847 414 3898 clamore
432 3849 542 3906 Mem,
565 3846 684 3912 clangore
703 3863 753 3896 nen
769 3849 849 3897 nullos
867 3849 996 3910 retinuere
1014 3850 1076 3900 Pius
1092 3855 1216 3902 adnotavit

184 3933 327 3988 accedere
346 3936 376 3982 σε
403 3931 489 3980 uidere
511 3933 564 3995 Vei.
597 3931 700 3999 Iamque
718 3947 803 3982 onmes
820 3932 937 3998 prodire,
962 3949 1038 3984 unum
1062 3935 1160 4002 iamque
1178 3953 1198 3988 e.
1218 3953 1241 4000 q.
1264 3954 1284 3990 r.

184 4021 312 4069 Heineiue.
339 4019 425 4082 (unum
447 4019 543 4079 placuit
567 4018 718 4084 Burmanno)
811 4022 860 4068 631
879 4019 957 4070 Taele
979 4022 1004 4070 V
1080 4021 1166 4072 velant
1184 4023 1287 4074 Pistre:

184 4104 272 4154 iubant
283 4107 313 4165 V,
330 4105 422 4154 iuuant
438 4105 517 4162 Bon,
536 4101 623 4153 leuant
640 4106 716 4165 Ala,
736 4108 812 4155 ruunt
831 4106 976 4164 annuens,
996 4105 1096 4155 vibrant
1113 4109 1234 4157 Heineinr

186 4193 235 4238 632
252 4188 351 4254 Medea]
376 4186 507 4239 dedititia
529 4189 571 4238 Pii
594 4193 687 4240 codices
712 4193 832 4241 emendati
933 4193 999 4240 inter
1017 4195 1066 4240 632
1085 4200 1108 4240 et
1127 4197 1177 4244 634
1200 4209 1287 4244 rereur

185 4277 250 4322 decet
268 4276 296 4322 in
318 4277 342 4325 V
344 4291 377 4338 ψ,
398 4279 426 4322 in
443 4276 464 4322 C
480 4274 519 4324 iaie
537 4276 627 4340 teritur
645 4275 766 4326 Infectam
788 4275 890 4326 dederat
913 4289 1022 4340 ususque
1047 4283 1156 4328 armarat
1175 4279 1202 4330 in
1219 4281 1287 4342 illos,

185 4375 253 4420 quem
275 4375 354 4408 cinerea
373 4362 416 4419 qni
431 4369 486 4420 poet
505 4361 644 4408 Carnicnenn
665 4363 787 4410 Valentini
805 4363 932 4409 ediderunt
948 4373 1098 4423 receperunt.
