3110 4972
265 431 329 500 160
687 451 835 496 cvm
849 451 947 494 macer

350 607 397 668 fas
419 604 538 683 aliquae
561 596 706 685 nequeat²
751 605 794 668 sic
813 605 930 666 semina
974 605 1116 685 coeperat
1137 605 1248 668 ardens
1308 609 1376 671 676

350 709 399 770 hic
420 709 530 769 iterum
550 706 674 768 alternis
694 708 819 769 Mavors
840 707 1000 787 insurgere
1022 706 1117 770 dictis.

353 808 466 894 excipit
487 809 556 872 hinc
574 812 678 872 contra
698 811 786 893 pater
806 812 838 873 et
858 810 902 872 sic
924 829 999 872 voce
1020 811 1145 872 coercet

345 907 431 997 ‘quid
452 931 566 976 vesane
586 913 708 974 demis?
731 931 800 974 cum
820 929 877 974 vos
897 911 958 974 iam
979 912 1114 994 poenitet
1134 913 1192 976 act'

350 1019 568 1101 peccatumque
588 1016 675 1096 satis,
697 1018 771 1076 tunc
791 1013 829 1075 ad
849 1033 919 1076 mea
939 1013 1006 1078 iura
1028 1015 1148 1078 venitis.

354 1119 486 1202 quolibet
507 1117 568 1179 ista
589 1107 694 1194 modo,
717 1135 902 1198 quacumque
923 1117 1058 1199 impellite
1078 1137 1192 1200 pugna,
1311 1122 1376 1183 675

351 1241 429 1304 quae
449 1221 605 1303 coepistis,
627 1221 740 1282 habent
758 1220 899 1301 quoniam
917 1239 972 1283 sua
991 1221 1054 1282 fata
1073 1219 1199 1284 fanones

350 1329 382 1389 te
405 1329 506 1389 tamen
527 1325 599 1401 hcc,
622 1323 766 1402 coniunx,
789 1325 821 1385 et
841 1327 888 1404 te,
911 1342 980 1386 mea
999 1325 1088 1403 nata,
1110 1325 1253 1388 manebo:

352 1431 394 1491 sit
412 1429 527 1490 Persen
548 1426 702 1507 pepulisse
724 1426 815 1505 satis,
837 1445 894 1488 nec
914 1444 994 1488 vana
1016 1427 1150 1488 retentet

353 1550 424 1612 spes
444 1530 566 1610 Minyas
588 1527 717 1590 finemve
737 1529 832 1592 velint
852 1529 995 1611 inponere
1016 1527 1103 1591 bellc.

352 1634 438 1695 illum
462 1633 573 1694 etenim
595 1631 664 1693 talis
686 1651 788 1692 rerum
808 1633 923 1709 manet,
944 1631 1086 1712 accipite,
1109 1633 1189 1694 ordo.
1310 1637 1377 1697 680

352 1736 432 1798 victa
450 1738 531 1798 retro
551 1754 632 1796 nunc
649 1738 749 1798 castra
771 1735 854 1797 dabit
874 1735 1044 1815 bellumque
1065 1736 1201 1798 remittet

351 1839 478 1903 territus
499 1839 634 1901 advemu
655 1839 739 1901 ducis
760 1842 793 1901 et
813 1839 927 1902 virtute
950 1839 1085 1920 Pelasgi:

351 1962 424 2005 mcx
444 1942 497 2003 ubi
519 1941 700 2003 Thessalicis
721 1943 854 2005 referent
874 1945 930 2005 hos
950 1943 1071 2004 flamina
1092 1942 1192 2018 terris,

352 2047 425 2107 tunc
446 2043 544 2107 aderit
563 2045 719 2124 victorque
740 2046 844 2107 domos
867 2048 899 2107 et
919 2047 1039 2127 sceptra
1061 2044 1185 2121 tenebit,

351 2147 447 2208 donec
468 2147 500 2207 et
521 2145 640 2208 Aeeten
658 2147 755 2230 inopis
775 2150 846 2230 post
866 2149 959 2227 longa
978 2149 1119 2209 senectae
1308 2149 1372 2210 685
1424 2205 1435 2224 ,

354 2250 459 2327 exilia,
481 2250 541 2310 heu
561 2251 681 2329 magnis
705 2254 848 2333 quantum
869 2251 940 2314 licet
960 2251 1042 2332 inpia
1062 2250 1143 2326 fatis,

353 2356 426 2415 nata
448 2353 533 2415 iuvet
553 2349 724 2434 Graiusque
743 2374 839 2436 nepos
858 2354 889 2416 in
907 2373 1004 2436 regna
1022 2355 1157 2436 reponat

352 2457 401 2518 hic
421 2456 507 2518 labor
530 2458 742 2540 amborumque
764 2459 839 2520 haec
860 2460 931 2520 sunt
951 2456 1123 2520 discrimina
1145 2456 1278 2517 fratrum.

352 2559 455 2620 vadite
477 2562 509 2621 et
530 2561 682 2639 aduersis,
703 2560 828 2639 niquis
849 2562 947 2639 volet,
969 2559 1070 2622 inruat
1091 2550 1199 2622 armis.³
1284 2547 1286 2552 ’

237 2749 244 2761 Ι
418 2673 554 2735 Dixerat.
598 2674 746 2738 instaurat
766 2695 886 2738 mensas
908 2696 1072 2759 pacemque
1092 2673 1217 2750 reducit,
1310 2675 1375 2736 690

355 2779 388 2840 et
408 2777 468 2841 iam
490 2777 639 2840 sideream
655 2781 774 2840 noctem
796 2779 919 2842 dimittit
938 2778 1077 2864 Olympo.

371 2999 422 3046 676
441 2995 493 3046 Fas
519 2994 617 3061 aliquae
641 2993 760 3061 nequeat]
785 2998 841 3046 dedi
862 2998 978 3049 Vaticani
1004 2998 1153 3060 seuipturcuu
1182 3009 1244 3060 quus
1267 2997 1376 3046 nmium

241 3121 244 3126 .
263 3083 423 3146 probabiliter
443 3085 568 3132 ameum
585 3089 630 3131 esi.
662 3083 718 3131 oiim
735 3085 881 3132 coniecerum
897 3083 983 3134 Pallas
1003 3082 1063 3148 quid
1079 3086 1215 3148 nequeati,
1234 3098 1301 3134 uuna
1317 3090 1377 3132 uste

268 3174 319 3222 670
342 3182 438 3220 anuum
462 3169 618 3219 intercidisse
635 3175 706 3229 puto.
748 3167 878 3233 Fassaque
903 3184 965 3234 quae
985 3183 1107 3233 nequeam
1131 3170 1164 3229 0,
1193 3169 1244 3220 Fas
1266 3167 1377 3236 aliquem

268 3256 377 3320 nequeat
392 3256 470 3314 Basa,
488 3254 539 3304 Fas
557 3252 652 3318 aliquid
669 3256 776 3317 nequeat
790 3253 868 3315 Aru,
888 3255 987 3319 Fasque
1004 3252 1081 3317 nihil,
1101 3252 1139 3302 nil
1155 3253 1213 3306 iura
1229 3256 1321 3322 queant
1337 3255 1377 3304 uei

266 3343 396 3404 Fassaque
422 3339 482 3404 quid
503 3353 624 3403 nequeam
641 3340 777 3401 Heinsius,
803 3339 869 3389 vecti
892 3342 929 3390 vei
952 3337 1023 3403 passi
1039 3338 1119 3388 Ferre
1135 3338 1232 3406 aliquid
1250 3341 1378 3404 nequeant

271 3423 294 3493 (⁴
297 3435 325 3477 ut
341 3427 475 3488 respiciant
493 3425 550 3474 iuer
567 3426 639 3475 cerda
656 3420 877 3489 udArpunuutus')
890 3427 1063 3486 Burmannus,
1081 3439 1201 3490 cassaque
1219 3424 1256 3474 sic
1273 3421 1378 3474 redeam

268 3516 306 3564 uei
323 3526 443 3576 amesque
461 3509 498 3560 sic
514 3506 601 3560 redeat
617 3503 654 3558 ‘ut
671 3511 742 3558 uuuis
755 3518 841 3559 uestra
853 3512 1007 3575 iutuiiiputur
1019 3524 1068 3571 par
1080 3505 1242 3572 aposiopesin'
1260 3509 1377 3560 motum·

269 3614 320 3649 wer
335 3601 352 3648 i.
372 3600 389 3647 i.
404 3613 432 3658 p.
444 3601 501 3657 177,
520 3595 665 3659 Fassaque,
684 3609 747 3658 qnae
765 3609 900 3660 nequeam,
920 3594 967 3644 sim
983 3593 1094 3646 semina?
1118 3595 1254 3660 Wuyuerus
1315 3591 1376 3644 ¹fae·

268 3683 373 3736 minuis
437 3685 486 3732 672
507 3680 624 3738 cohercet
634 3681 665 3742 V,
683 3681 854 3732 coherecetlli
918 3684 968 3731 676
982 3679 1102 3735 Quolibet
1116 3695 1153 3731 m:
1172 3678 1344 3736 QuodlibetV

269 3775 319 3823 676
339 3766 496 3834 caepistisV
561 3769 611 3818 677
629 3765 689 3831 hoa]
711 3766 863 3818 0Hsinsius
933 3768 982 3815 679
1002 3763 1165 3817 finemueli:
1185 3763 1327 3816 finenemV

269 3860 320 3908 660
333 3851 570 3919 accipiamur
588 3851 702 3918 accipere
711 3853 742 3913 V,
760 3851 841 3902 exitus
848 3852 910 3900 Bou.
983 3848 1082 3900 crdoO:
1101 3865 1162 3916 ergo
1175 3852 1221 3915 Vqr
1275 3851 1325 3900 686
1334 3861 1377 3898 re-

269 3941 352 3994 ferani
367 3955 404 3990 m:
423 3936 574 3988 reflorentis
639 3941 689 3988 686
708 3940 763 3987 aete
782 3937 881 3996 sienis,
899 3936 969 3984 actae
989 3936 1015 3984 et
1031 3948 1063 3983 en
1080 3935 1115 3984 M
1181 3939 1231 3986 686
1250 3931 1323 3996 inpia
1339 3947 1378 3984 m:

268 4026 359 4092 inopia
379 4027 409 4078 V.
434 4021 469 4085 cf.
488 4023 616 4073 Bustricius
632 4024 666 4071 ad
680 4023 744 4072 Hor.
765 4037 802 4084 ep.
823 4019 852 4070 Ii
871 4025 900 4084 1,
924 4025 947 4070 6.
979 4018 1007 4068 in
1030 4018 1075 4085 pia
1101 4021 1239 4070 Graeceius
1256 4019 1375 4070 obseruas.

269 4111 307 4163 1v
324 4116 373 4174 71,
395 4108 504 4160 inmania
532 4109 652 4174 quantum
674 4105 737 4158 libet
758 4105 831 4172 inpia
852 4104 915 4155 iacti
931 4105 1066 4165 Heinsius,
1091 4105 1142 4154 hen
1160 4103 1272 4168 magnis,
1298 4117 1377 4169 qnan-

268 4195 386 4248 tnmlibet
402 4194 497 4260 impia,
515 4192 589 4244 factis
606 4193 765 4243 Burmannus
869 4193 919 4240 667
936 4187 1007 4240 iuuet
1024 4191 1054 4240 σι
1071 4189 1142 4240 iubet
1163 4191 1188 4241 V
1255 4193 1306 4241 688
1323 4203 1378 4240 am·

269 4281 407 4347 bcrnmqne
425 4298 451 4332 a:
481 4278 612 4330 amborum
634 4279 694 4342 Vp,
723 4274 853 4326 ambarum
870 4276 910 4324 est
925 4288 948 4324 m
1051 4276 1110 4325 sunt
1126 4275 1189 4326 haec
1210 4275 1271 4326 Ala.

272 4371 321 4419 661
341 4364 439 4418 sidereo
457 4366 577 4418 Heinsius
663 4361 774 4414 demittit
791 4361 854 4411 Bon.
