3072 4974
504 491 507 504 Ι
535 432 755 472 ABGONAVTICON
778 432 864 472 LIBER
878 431 930 472 vu.

265 601 406 660 munera,
426 585 582 650 servatum
603 582 716 663 pudeat
737 601 793 645 nee
811 581 939 662 virginis
962 584 1035 644 erte.

269 686 298 750 ei
317 686 403 764 mihi,
427 705 481 748 our
500 685 575 747 nulli
598 686 752 766 stringunt
773 689 826 748 tue
847 684 962 748 lumina
981 684 1090 746 fletus?

266 806 305 850 en
325 806 375 848 me
394 807 466 849 mox
486 788 595 850 merite
612 789 787 850 morituram
808 786 903 868 petris
921 787 959 848 sb
982 786 1027 850 irs

267 890 460 952 dissimulas?
483 894 519 952 te.
535 909 631 970 regne
653 894 723 952 tues
744 890 849 960 felicis
862 889 972 968 gentis,
1219 893 1282 956 485

265 995 296 1054 te
318 991 449 1054 coniunx
468 997 616 1076 nctesque
635 995 772 1068 mencnt3
792 1011 850 1071 ego
874 990 993 1072 proditu
1011 993 1105 1054 obibo.

264 1113 320 1156 neo
342 1115 450 1176 queror
472 1100 504 1159 et
524 1116 578 1179 pro
600 1099 632 1158 te
653 1097 751 1158 lucem
774 1112 890 1177 quoque
910 1093 991 1154 laete
1012 1087 1195 1174 relinquam?

267 1197 405 1278 protinus
425 1200 536 1280 hospes
558 1199 692 1261 adhaec
713 1198 825 1276 (tacitis
846 1215 917 1258 nem
938 1196 1074 1258 centibus
1096 1198 1180 1260 illum

264 1301 392 1364 flexerat
413 1305 444 1363 ct
466 1302 554 1364 simili
574 1301 738 1366 iendndum
761 1300 887 1372 adderet
909 1301 1021 1374 amore)

261 1394 354 1464 ‘tune'
379 1403 422 1466 ait
438 1396 624 1467 ‘Aesoniden
646 1405 804 1485 quicquam
825 1401 956 1464 terelle
977 1402 1083 1466 relicta
1218 1409 1283 1470 490

268 1505 367 1568 credis
389 1508 422 1567 et
442 1507 504 1569 ulla
522 1507 587 1590 peti
605 1507 670 1568 sine
691 1510 722 1568 te
744 1505 827 1568 loce?
850 1505 943 1567 redde
965 1508 1095 1588 tyranno

263 1628 312 1671 mc
335 1609 454 1690 potius,
475 1611 575 1690 recipe
596 1609 732 1688 ingratos
754 1608 851 1689 adque
873 1627 951 1669 exne
973 1611 1088 1670 centus.

245 1713 329 1794 'quis
351 1712 424 1774 mihi
443 1712 520 1774 lucis
542 1712 643 1773 emor?
664 1710 793 1790 patriam
813 1730 866 1772 cur
885 1710 1013 1791 amplius
1036 1712 1144 1792 optem,

263 1815 290 1875 si
310 1833 370 1877 non
390 1818 422 1876 et
438 1815 560 1894 genitor
580 1816 611 1876 te
634 1814 760 1893 primam
778 1814 967 1894 amplectitur
981 1813 1093 1892 Aeson,

263 1921 354 1997 teque
378 1920 430 1979 tuo
452 1918 543 1996 longe
560 1916 727 1996 fulgentem
742 1915 856 1976 vellere
874 1914 1010 1996 gaudens
1216 1922 1280 1982 495

264 2022 383 2102 spectat
405 2022 436 2082 et
458 2020 496 2083 ed
516 2019 628 2101 primos
651 2019 818 2100 procumbit
838 2015 966 2081 Graecis
987 2019 1117 2081 fluotrrs?

261 2124 380 2206 respice
402 2122 441 2184 ed
460 2123 516 2184 has
538 2141 629 2185 voces
649 2126 680 2183 ct
700 2122 769 2201 iam,
791 2141 904 2203 precor,
918 2121 1034 2200 adnue,
1055 2112 1193 2185 coniunx„

261 2245 318 2307 per
337 2229 386 2300 te,
409 2242 485 2307 quas
509 2225 625 2306 superis
647 2225 783 2307 divisque
804 2225 955 2308 potentior
974 2223 1052 2300 imis,

261 2347 376 2410 perque
396 2328 486 2405 haec,
509 2328 612 2408 virgo,
632 2331 684 2389 tuo
706 2328 864 2390 redeuntia
882 2326 981 2388 sidera
1001 2327 1077 2388 nutu
1232 2397 1234 2404 y

264 2432 361 2512 adque
384 2449 440 2512 per
461 2432 516 2492 hos
538 2431 635 2492 nostri
655 2431 720 2492 iuro
741 2430 917 2493 discriminis
939 2431 1037 2508 hores,
1217 2437 1281 2498 500

263 2552 405 2614 umquem
426 2552 483 2613 ego
507 2534 533 2595 si
553 2534 652 2596 meriti
674 2534 730 2594 sim
747 2534 844 2596 noctis
867 2535 898 2594 et
919 2532 1074 2594 immemor
1093 2533 1192 2613 huius,

262 2637 289 2698 si
310 2640 341 2699 te
365 2639 498 2717 sceptra,
522 2636 659 2713 domum,
678 2637 704 2698 si
727 2641 757 2698 te
778 2635 903 2718 liquisse
923 2637 1065 2716 parentes

262 2738 394 2800 senseris
417 2742 449 2801 et
467 2758 515 2801 me
535 2743 599 2802 tum
623 2725 689 2802 non⁰
702 2742 778 2804 haec
796 2739 944 2822 promisse
967 2740 1112 2816 tuentem,

264 2847 331 2906 tum
346 2860 395 2902 me
417 2861 477 2904 non
497 2845 601 2906 tauros
621 2843 707 2906 iuvet
726 2843 861 2906 evasisse
881 2842 1021 2922 ferosque

174 2997 423 3006 ›---——-—-—-.

279 3093 329 3139 482
348 3088 464 3138 Munerat
488 3089 513 3138 V
591 3091 640 3136 489
660 3087 723 3138 nulli
741 3090 875 3149 Hellusios,
896 3091 939 3150 qui
954 3091 1055 3140 eoose'wd
1072 3098 1095 3139 et
1117 3092 1187 3143 nullo
1204 3097 1279 3148 scrin.

175 3176 269 3234 guntur
285 3173 381 3222 lumine
397 3173 469 3224 fletu:
489 3172 571 3222 nullos
592 3174 660 3239 Vupo.
680 3177 803 3238 spargunt
822 3176 981 3238 Burmonnuo
1001 3190 1045 3224 rec.
1065 3179 1099 3226 od
1116 3181 1208 3231 ontdd.
1228 3191 1246 3234 t.
1266 3184 1280 3234 I

170 3277 198 3322 ρ.
221 3265 283 3321 162,
315 3260 384 3310 nullo
413 3259 563 3322 tinguuntur
594 3255 691 3305 lumine
719 3257 779 3307 fletu
802 3258 964 3308 mormius
989 3264 1057 3322 apud
1083 3263 1224 3316 Suetonium
1248 3273 1281 3320 ad

174 3347 248 3408 Prop.
269 3344 306 3396 IV
327 3350 373 3407 11,
392 3349 423 3396 79
511 3340 728 3392 rescierimus
746 3344 791 3393 M:
816 3343 956 3394 Dissimilis
979 3347 1004 3395 V
1077 3351 1126 3396 486
1151 3349 1226 3402 obibo
1244 3355 1280 3404 0.·

175 3431 249 3482 abibo
273 3433 321 3497 γψ
379 3435 451 3520 ⁰437
470 3442 576 3492 quaeror
597 3429 622 3478 V
695 3427 746 3477 leta
763 3430 792 3480 V
865 3434 915 3480 489
934 3430 1031 3479 efflaret
1046 3431 1110 3481 Plus
1127 3448 1156 3482 c:
1174 3434 1281 3488 adflebat
1356 3508 1358 3512 .

897 3525 910 3554 θ
1119 3527 1120 3531 ,

179 3572 208 3631 V,
228 3568 336 3620 addebat
349 3570 403 3634 Μψ
462 3570 512 3616 490
527 3565 597 3616 Tune
611 3567 646 3616 0:
663 3565 731 3616 Tunc
744 3568 790 3628 Υψ
860 3567 978 3634 quiquam
997 3571 1039 3619 M:
1063 3569 1183 3636 quiquam
1204 3577 1229 3627 γ

174 3661 223 3708 491
243 3656 299 3719 poti
315 3656 451 3706 Gronovius
471 3654 560 3702 chroro.
584 3649 621 3702 1v
641 3655 684 3700 21:
703 3650 756 3714 poti
779 3653 837 3716 Vpe
911 3658 961 3703 493
980 3653 1044 3704 lueis
1063 3671 1103 3714 m,-
1120 3655 1183 3708 locis
1206 3662 1231 3713 V

173 3749 223 3794 495
243 3741 351 3794 caudens
374 3742 399 3792 V
468 3743 517 3789 490
534 3735 683 3804 procumbet
701 3738 775 3796 Pius,
801 3737 930 3802 procurrit
945 3741 1066 3790 Haemus
1089 3757 1140 3794 non
1163 3749 1225 3796 mala

173 3826 333 3891 greccisM:
349 3825 470 3890 gratieV
521 3829 571 3876 498
589 3839 651 3888 queo
666 3837 700 3889 p:
719 3820 797 3886 quiV
864 3827 914 3874 499
933 3823 1007 3889 virgo
1018 3829 1143 3879 Maserius
1158 3832 1277 3890 probante

173 3915 278 3962 Heinsio
299 3919 321 3960 et
337 3913 431 3972 Corpore
450 3912 540 3960 observ.
560 3907 601 3958 ΙΙΙ
621 3912 649 3958 6:
675 3921 737 3972 ergo
761 3908 819 3968 Vopc
899 3913 949 3960 500
968 3909 1025 3960 uiro
1042 3915 1076 3963 Μ
1150 3917 1227 3966 hores
1244 3931 1279 3979 tp:

174 4013 231 4046 ores
249 4000 274 4048 Υ
285 3999 405 4059 probante
428 3999 512 4050 Vorso'o
583 3999 632 4046 501
651 3991 766 4058 anuem
784 3995 804 4042 0
871 4008 919 4057 ego
937 4010 981 4045 om.
999 3999 1019 4044 0
1087 3998 1213 4050 simeriti
1229 3999 1277 4050 sim

174 4081 256 4132 noetis
273 4088 298 4132 st
315 4083 348 4132 0.-
373 4083 395 4132 si
414 4081 511 4132 moritis
531 4079 612 4131 noctis
636 4081 665 4138 V,
690 4078 712 4128 si
732 4077 829 4128 meritis
848 4079 870 4128 si
893 4081 975 4130 noctis
993 4098 1029 4142 m,
1057 4083 1104 4134 sim
1122 4084 1207 4134 meriti
1230 4101 1277 4136 no.

174 4167 269 4232 ctisque
293 4183 338 4218 nec
354 4171 433 4230 Boc,
467 4166 574 4217 simeriti
599 4164 729 4229 noctisque
754 4162 801 4213 sim
820 4164 896 4222 Ale,
928 4162 951 4214 si
973 4167 1070 4231 meriti,
1101 4168 1123 4218 si
1147 4170 1228 4220 noctis
1252 4177 1277 4222 ct

173 4255 293 4304 Heinsius
363 4259 411 4306 502
422 4259 446 4304 tc
464 4251 597 4317 reliquisse
607 4253 670 4301 Boo.
742 4253 791 4298 503
811 4253 1010 4302 mc-tusntcm
1025 4254 1161 4306 Heinsius:
1178 4271 1273 4306 mos—

175 4339 301 4389 uidontcm
326 4340 349 4388 Υ
352 4348 398 4405 ipe,
418 4339 664 4402 moa—qnorentcm
683 4336 842 4384 Brouuocoos
