<?xml version="1.0" encoding="UTF-8"?>
<!DOCTYPE html PUBLIC "-//W3C//DTD XHTML 1.0 Transitional//EN"
    "http://www.w3.org/TR/xhtml1/DTD/xhtml1-transitional.dtd">
<html xmlns="http://www.w3.org/1999/xhtml" xml:lang="en" lang="en">
 <head>
  <title>
</title>
<meta http-equiv="Content-Type" content="text/html;charset=utf-8" />
  <meta name='ocr-system' content='tesseract 3.04.00' />
  <meta name='ocr-capabilities' content='ocr_page ocr_carea ocr_par ocr_line ocrx_word'/>
</head>
<body>
  <div class='ocr_page' id='page_1' title='image "./argonaviticonli00flacgoog_0040.png"; bbox 0 0 3086 4968; ppageno 0'>
   <div class='ocr_carea' id='block_1_1' title="bbox 677 349 1297 464">
    <p class='ocr_par' dir='ltr' id='par_1_1' title="bbox 677 349 1297 464">
     <span class='ocr_line' id='line_1_1' title="bbox 1105 349 1272 374; baseline 0 -5"><span class='ocrx_word' id='word_1_1' title='bbox 1105 367 1108 374; x_wconf 16' lang='grc' dir='ltr'><strong><em>Δ</em></strong></span> <span class='ocrx_word' id='word_1_2' title='bbox 1264 349 1272 369; x_wconf 44' lang='lat' dir='ltr'>r</span> 
     </span>
     <span class='ocr_line' id='line_1_2' title="bbox 677 399 1297 464; baseline 0.01 -24"><span class='ocrx_word' id='word_1_3' title='bbox 677 399 766 441; x_wconf 79' lang='lat' dir='ltr'>esron</span> <span class='ocrx_word' id='word_1_4' title='bbox 787 401 806 440; x_wconf 92' lang='lat' dir='ltr'>r.</span> <span class='ocrx_word' id='word_1_5' title='bbox 1067 457 1071 464; x_wconf 26' lang='lat'>¹</span> <span class='ocrx_word' id='word_1_6' title='bbox 1203 405 1297 448; x_wconf 78' lang='lat' dir='ltr'>nuru</span> 
     </span>
    </p>
   </div>
   <div class='ocr_carea' id='block_1_2' title="bbox 182 564 1295 960">
    <p class='ocr_par' dir='ltr' id='par_1_2' title="bbox 182 564 1295 960">
     <span class='ocr_line' id='line_1_3' title="bbox 297 564 1294 650; baseline 0.008 -22"><span class='ocrx_word' id='word_1_7' title='bbox 297 564 470 647; x_wconf 79' lang='lat' dir='ltr'><strong>Antequam</strong></span> <span class='ocrx_word' id='word_1_8' title='bbox 491 567 529 628; x_wconf 89' lang='lat' dir='ltr'>de</span> <span class='ocrx_word' id='word_1_9' title='bbox 552 566 679 647; x_wconf 80' lang='lat' dir='ltr'>singulis</span> <span class='ocrx_word' id='word_1_10' title='bbox 704 568 881 649; x_wconf 85' lang='lat' dir='ltr'>quibusdam</span> <span class='ocrx_word' id='word_1_11' title='bbox 901 567 975 632; x_wconf 86' lang='lat' dir='ltr'>loeis</span> <span class='ocrx_word' id='word_1_12' title='bbox 1003 587 1128 650; x_wconf 87' lang='lat' dir='ltr'>quorum</span> <span class='ocrx_word' id='word_1_13' title='bbox 1156 572 1294 636; x_wconf 83' lang='lat' dir='ltr'>deformi-</span> 
     </span>
     <span class='ocr_line' id='line_1_4' title="bbox 182 669 1295 754; baseline 0.008 -24"><span class='ocrx_word' id='word_1_14' title='bbox 182 669 249 730; x_wconf 83' lang='lat' dir='ltr'>tate</span> <span class='ocrx_word' id='word_1_15' title='bbox 265 671 434 732; x_wconf 79' lang='lat' dir='ltr'>extremam</span> <span class='ocrx_word' id='word_1_16' title='bbox 447 688 570 732; x_wconf 90' lang='lat' dir='ltr'>manum</span> <span class='ocrx_word' id='word_1_17' title='bbox 583 669 745 733; x_wconf 81' lang='lat' dir='ltr'>Valeriano</span> <span class='ocrx_word' id='word_1_18' title='bbox 763 672 887 734; x_wconf 87' lang='lat' dir='ltr'>earmini</span> <span class='ocrx_word' id='word_1_19' title='bbox 900 673 1009 736; x_wconf 89' lang='lat' dir='ltr'>deesse</span> <span class='ocrx_word' id='word_1_20' title='bbox 1022 674 1174 754; x_wconf 77' lang='lat' dir='ltr'>probetur,</span> <span class='ocrx_word' id='word_1_21' title='bbox 1195 676 1295 738; x_wconf 88' lang='lat' dir='ltr'>dioere</span> 
     </span>
     <span class='ocr_line' id='line_1_5' title="bbox 182 771 1295 860; baseline 0.009 -28"><span class='ocrx_word' id='word_1_22' title='bbox 182 771 363 851; x_wconf 81' lang='lat' dir='ltr'>adgrediar,</span> <span class='ocrx_word' id='word_1_23' title='bbox 383 773 638 855; x_wconf 85' lang='lat' dir='ltr'>praemonendum</span> <span class='ocrx_word' id='word_1_24' title='bbox 661 793 731 836; x_wconf 87' lang='lat' dir='ltr'>esse</span> <span class='ocrx_word' id='word_1_25' title='bbox 753 774 857 852; x_wconf 84' lang='lat' dir='ltr'>uideo,</span> <span class='ocrx_word' id='word_1_26' title='bbox 877 773 959 836; x_wconf 86' lang='lat' dir='ltr'>haud</span> <span class='ocrx_word' id='word_1_27' title='bbox 981 793 1077 855; x_wconf 79' lang='lat' dir='ltr'>pauca</span> <span class='ocrx_word' id='word_1_28' title='bbox 1094 795 1198 840; x_wconf 81' lang='lat' dir='ltr'>eorum</span> <span class='ocrx_word' id='word_1_29' title='bbox 1219 798 1295 860; x_wconf 84' lang='lat' dir='ltr'>quae</span> 
     </span>
     <span class='ocr_line' id='line_1_6' title="bbox 182 873 1294 960; baseline 0.007 -24"><span class='ocrx_word' id='word_1_30' title='bbox 182 873 351 938; x_wconf 73' lang='lat' dir='ltr'><strong>insolenter</strong></span> <span class='ocrx_word' id='word_1_31' title='bbox 381 878 462 941; x_wconf 80' lang='lat' dir='ltr'>diota</span> <span class='ocrx_word' id='word_1_32' title='bbox 489 896 559 939; x_wconf 89' lang='lat' dir='ltr'>esse</span> <span class='ocrx_word' id='word_1_33' title='bbox 586 897 679 958; x_wconf 87' lang='lat' dir='ltr'>supra</span> <span class='ocrx_word' id='word_1_34' title='bbox 700 877 827 958; x_wconf 83' lang='lat' dir='ltr'><strong>exposui</strong></span> <span class='ocrx_word' id='word_1_35' title='bbox 848 877 887 938; x_wconf 91' lang='lat' dir='ltr'>ad</span> <span class='ocrx_word' id='word_1_36' title='bbox 908 878 986 939; x_wconf 88' lang='lat' dir='ltr'>hano</span> <span class='ocrx_word' id='word_1_37' title='bbox 1008 897 1124 959; x_wconf 91' lang='lat' dir='ltr'>quoque</span> <span class='ocrx_word' id='word_1_38' title='bbox 1146 883 1294 960; x_wconf 84' lang='lat' dir='ltr'>quaestio</span> 
     </span>
    </p>
   </div>
   <div class='ocr_carea' id='block_1_3' title="bbox 182 979 1382 1063">
    <p class='ocr_par' dir='ltr' id='par_1_3' title="bbox 182 979 1382 1063">
     <span class='ocr_line' id='line_1_7' title="bbox 182 979 1382 1063; baseline 0.011 -26"><span class='ocrx_word' id='word_1_39' title='bbox 182 997 255 1038; x_wconf 90' lang='lat' dir='ltr'>nem</span> <span class='ocrx_word' id='word_1_40' title='bbox 283 979 451 1060; x_wconf 89' lang='lat' dir='ltr'>pertinere;</span> <span class='ocrx_word' id='word_1_41' title='bbox 485 999 557 1042; x_wconf 86' lang='lat' dir='ltr'>nam</span> <span class='ocrx_word' id='word_1_42' title='bbox 582 979 724 1042; x_wconf 82' lang='lat' dir='ltr'>Valerius</span> <span class='ocrx_word' id='word_1_43' title='bbox 753 980 780 1042; x_wconf 90' lang='lat' dir='ltr'>si</span> <span class='ocrx_word' id='word_1_44' title='bbox 807 999 928 1042; x_wconf 86' lang='lat' dir='ltr'>oermen</span> <span class='ocrx_word' id='word_1_45' title='bbox 959 979 1118 1044; x_wconf 86' lang='lat' dir='ltr'>emendare</span> <span class='ocrx_word' id='word_1_46' title='bbox 1145 984 1295 1063; x_wconf 88' lang='lat' dir='ltr'>potuisset</span> <span class='ocrx_word' id='word_1_47' title='bbox 1379 1035 1382 1049; x_wconf 87' lang='lat'><em>.</em></span> 
     </span>
    </p>
   </div>
   <div class='ocr_carea' id='block_1_4' title="bbox 143 1081 1294 4253">
    <p class='ocr_par' dir='ltr' id='par_1_4' title="bbox 182 1081 1294 1269">
     <span class='ocr_line' id='line_1_8' title="bbox 184 1081 1294 1167; baseline 0.009 -25"><span class='ocrx_word' id='word_1_48' title='bbox 184 1081 258 1162; x_wconf 87' lang='lat' dir='ltr'>quin</span> <span class='ocrx_word' id='word_1_49' title='bbox 280 1083 320 1144; x_wconf 86' lang='lat' dir='ltr'>ad</span> <span class='ocrx_word' id='word_1_50' title='bbox 340 1103 431 1144; x_wconf 92' lang='lat' dir='ltr'>usum</span> <span class='ocrx_word' id='word_1_51' title='bbox 452 1086 621 1146; x_wconf 88' lang='lat' dir='ltr'>oeterorum</span> <span class='ocrx_word' id='word_1_52' title='bbox 640 1089 798 1167; x_wconf 88' lang='lat' dir='ltr'>poetarum</span> <span class='ocrx_word' id='word_1_53' title='bbox 819 1086 852 1146; x_wconf 89' lang='lat' dir='ltr'>et</span> <span class='ocrx_word' id='word_1_54' title='bbox 874 1083 1053 1164; x_wconf 88' lang='lat' dir='ltr'>soriptorum</span> <span class='ocrx_word' id='word_1_55' title='bbox 1073 1085 1171 1166; x_wconf 78' lang='lat' dir='ltr'>magis</span> <span class='ocrx_word' id='word_1_56' title='bbox 1191 1107 1225 1148; x_wconf 87' lang='lat' dir='ltr'>se</span> <span class='ocrx_word' id='word_1_57' title='bbox 1246 1107 1294 1152; x_wconf 83' lang='lat' dir='ltr'>ao-</span> 
     </span>
     <span class='ocr_line' id='line_1_9' title="bbox 182 1185 980 1269; baseline 0.003 -23"><span class='ocrx_word' id='word_1_58' title='bbox 182 1185 426 1247; x_wconf 86' lang='lat' dir='ltr'>oommodaturus</span> <span class='ocrx_word' id='word_1_59' title='bbox 449 1187 540 1248; x_wconf 85' lang='lat' dir='ltr'>fuerit</span> <span class='ocrx_word' id='word_1_60' title='bbox 561 1187 683 1250; x_wconf 91' lang='lat' dir='ltr'>dubium</span> <span class='ocrx_word' id='word_1_61' title='bbox 705 1207 852 1250; x_wconf 89' lang='lat' dir='ltr'>essenon</span> <span class='ocrx_word' id='word_1_62' title='bbox 871 1189 980 1269; x_wconf 87' lang='lat' dir='ltr'>potest</span> 
     </span>
    </p>

    <p class='ocr_par' dir='ltr' id='par_1_5' title="bbox 143 1289 1293 4253">
     <span class='ocr_line' id='line_1_10' title="bbox 287 1289 1292 1372; baseline 0.005 -21"><span class='ocrx_word' id='word_1_63' title='bbox 287 1290 304 1351; x_wconf 91' lang='grc' dir='ltr'>Ι</span> <span class='ocrx_word' id='word_1_64' title='bbox 329 1293 369 1351; x_wconf 87' lang='grc'>66</span> <span class='ocrx_word' id='word_1_65' title='bbox 392 1308 446 1370; x_wconf 92' lang='lat' dir='ltr'>pro</span> <span class='ocrx_word' id='word_1_66' title='bbox 470 1293 639 1368; x_wconf 72' lang='lat' dir='ltr'><strong><em>sectantem,</em></strong></span> <span class='ocrx_word' id='word_1_67' title='bbox 663 1290 742 1372; x_wconf 91' lang='lat' dir='ltr'>quod</span> <span class='ocrx_word' id='word_1_68' title='bbox 763 1290 847 1352; x_wconf 87' lang='lat' dir='ltr'>libris</span> <span class='ocrx_word' id='word_1_69' title='bbox 869 1289 1013 1352; x_wconf 84' lang='lat' dir='ltr'>traditum</span> <span class='ocrx_word' id='word_1_70' title='bbox 1034 1290 1091 1366; x_wconf 89' lang='lat' dir='ltr'>est,</span> <span class='ocrx_word' id='word_1_71' title='bbox 1112 1292 1156 1354; x_wconf 79' lang='lat' dir='ltr'>sio</span> <span class='ocrx_word' id='word_1_72' title='bbox 1176 1291 1292 1356; x_wconf 79' lang='lat' dir='ltr'>tandem</span> 
     </span>
     <span class='ocr_line' id='line_1_11' title="bbox 182 1389 1293 1479; baseline 0.007 -29"><span class='ocrx_word' id='word_1_73' title='bbox 182 1389 333 1452; x_wconf 80' lang='lat' dir='ltr'>Italorum</span> <span class='ocrx_word' id='word_1_74' title='bbox 354 1393 525 1454; x_wconf 82' lang='lat' dir='ltr'>oonieotura</span> <span class='ocrx_word' id='word_1_75' title='bbox 545 1413 601 1474; x_wconf 88' lang='lat' dir='ltr'>per</span> <span class='ocrx_word' id='word_1_76' title='bbox 623 1412 727 1454; x_wconf 88' lang='lat' dir='ltr'>omnes</span> <span class='ocrx_word' id='word_1_77' title='bbox 749 1393 894 1456; x_wconf 79' lang='lat' dir='ltr'>editiones</span> <span class='ocrx_word' id='word_1_78' title='bbox 919 1396 1087 1474; x_wconf 81' lang='lat' dir='ltr'>propagata</span> <span class='ocrx_word' id='word_1_79' title='bbox 1107 1400 1163 1458; x_wconf 83' lang='lat' dir='ltr'>est</span> <span class='ocrx_word' id='word_1_80' title='bbox 1203 1415 1293 1479; x_wconf 90' lang='lat' dir='ltr'>quam</span> 
     </span>
     <span class='ocr_line' id='line_1_12' title="bbox 179 1494 1292 1576; baseline 0.008 -22"><span class='ocrx_word' id='word_1_81' title='bbox 179 1513 252 1554; x_wconf 90' lang='lat' dir='ltr'>oum</span> <span class='ocrx_word' id='word_1_82' title='bbox 271 1494 357 1557; x_wconf 90' lang='lat' dir='ltr'>nihili</span> <span class='ocrx_word' id='word_1_83' title='bbox 377 1515 446 1556; x_wconf 89' lang='lat' dir='ltr'>esse</span> <span class='ocrx_word' id='word_1_84' title='bbox 470 1495 589 1557; x_wconf 87' lang='lat' dir='ltr'>videret</span> <span class='ocrx_word' id='word_1_85' title='bbox 609 1495 770 1572; x_wconf 86' lang='lat' dir='ltr'>Heinsius,</span> <span class='ocrx_word' id='word_1_86' title='bbox 800 1497 835 1556; x_wconf 92' lang='lat' dir='ltr'>ut</span> <span class='ocrx_word' id='word_1_87' title='bbox 861 1497 914 1556; x_wconf 86' lang='lat' dir='ltr'>eut</span> <span class='ocrx_word' id='word_1_88' title='bbox 935 1514 993 1576; x_wconf 80' lang='lat' dir='ltr'>quo</span> <span class='ocrx_word' id='word_1_89' title='bbox 1018 1497 1116 1558; x_wconf 78' lang='lat' dir='ltr'>iussos</span> <span class='ocrx_word' id='word_1_90' title='bbox 1136 1503 1292 1562; x_wconf 70' lang='lat' dir='ltr'><em>sectantem</em></span> 
     </span>
     <span class='ocr_line' id='line_1_13' title="bbox 180 1595 1293 1684; baseline 0.005 -24"><span class='ocrx_word' id='word_1_91' title='bbox 180 1601 314 1660; x_wconf 64' lang='lat' dir='ltr'>amore</span> <span class='ocrx_word' id='word_1_92' title='bbox 334 1598 458 1662; x_wconf 80' lang='lat' dir='ltr'>Colobae</span> <span class='ocrx_word' id='word_1_93' title='bbox 479 1595 685 1681; x_wconf 67' lang='lat' dir='ltr'>Artemoni?</span> <span class='ocrx_word' id='word_1_94' title='bbox 716 1600 771 1659; x_wconf 85' lang='lat' dir='ltr'>aut</span> <span class='ocrx_word' id='word_1_95' title='bbox 789 1618 849 1680; x_wconf 78' lang='lat' dir='ltr'>qao</span> <span class='ocrx_word' id='word_1_96' title='bbox 866 1600 965 1660; x_wconf 74' lang='lat' dir='ltr'>iussos</span> <span class='ocrx_word' id='word_1_97' title='bbox 984 1599 1119 1664; x_wconf 68' lang='lat' dir='ltr'>redundo</span> <span class='ocrx_word' id='word_1_98' title='bbox 1140 1604 1293 1684; x_wconf 79' lang='lat' dir='ltr'><em>inquirere</em></span> 
     </span>
     <span class='ocr_line' id='line_1_14' title="bbox 179 1699 1292 1784; baseline 0.004 -21"><span class='ocrx_word' id='word_1_99' title='bbox 179 1699 307 1764; x_wconf 77' lang='lat' dir='ltr'>Colchos</span> <span class='ocrx_word' id='word_1_100' title='bbox 326 1699 403 1764; x_wconf 78' lang='lat' dir='ltr'>Arte</span> <span class='ocrx_word' id='word_1_101' title='bbox 428 1706 530 1784; x_wconf 69' lang='lat' dir='ltr'>preat,</span> <span class='ocrx_word' id='word_1_102' title='bbox 558 1723 635 1766; x_wconf 81' lang='lat' dir='ltr'>nono</span> <span class='ocrx_word' id='word_1_103' title='bbox 663 1722 689 1762; x_wconf 88' lang='lat' dir='ltr'>e.</span> <span class='ocrx_word' id='word_1_104' title='bbox 703 1723 729 1783; x_wconf 91' lang='lat' dir='ltr'>q.</span> <span class='ocrx_word' id='word_1_105' title='bbox 746 1721 769 1762; x_wconf 89' lang='lat' dir='ltr'>s.</span> <span class='ocrx_word' id='word_1_106' title='bbox 791 1702 988 1782; x_wconf 73' lang='lat' dir='ltr'>reponeretur</span> <span class='ocrx_word' id='word_1_107' title='bbox 1020 1703 1122 1764; x_wconf 86' lang='lat' dir='ltr'>suasit</span> <span class='ocrx_word' id='word_1_108' title='bbox 1157 1705 1213 1765; x_wconf 89' lang='lat' dir='ltr'>sed</span> <span class='ocrx_word' id='word_1_109' title='bbox 1239 1706 1292 1768; x_wconf 84' lang='lat' dir='ltr'>illa</span> 
     </span>
     <span class='ocr_line' id='line_1_15' title="bbox 180 1803 1290 1886; baseline 0.006 -23"><span class='ocrx_word' id='word_1_110' title='bbox 180 1803 209 1864; x_wconf 90' lang='lat' dir='ltr'>si</span> <span class='ocrx_word' id='word_1_111' title='bbox 232 1804 373 1866; x_wconf 86' lang='lat' dir='ltr'>Valerius</span> <span class='ocrx_word' id='word_1_112' title='bbox 395 1805 581 1886; x_wconf 72' lang='lat' dir='ltr'>scripsisset,</span> <span class='ocrx_word' id='word_1_113' title='bbox 612 1803 799 1867; x_wconf 88' lang='lat' dir='ltr'>enuntiatum</span> <span class='ocrx_word' id='word_1_114' title='bbox 825 1822 845 1864; x_wconf 87' lang='lat' dir='ltr'>a</span> <span class='ocrx_word' id='word_1_115' title='bbox 871 1824 929 1885; x_wconf 92' lang='lat' dir='ltr'>quo</span> <span class='ocrx_word' id='word_1_116' title='bbox 960 1807 1128 1886; x_wconf 81' lang='lat' dir='ltr'>penderent</span> <span class='ocrx_word' id='word_1_117' title='bbox 1156 1807 1199 1868; x_wconf 87' lang='lat' dir='ltr'>sio</span> <span class='ocrx_word' id='word_1_118' title='bbox 1222 1827 1290 1870; x_wconf 93' lang='lat' dir='ltr'>oon-</span> 
     </span>
     <span class='ocr_line' id='line_1_16' title="bbox 180 1907 1291 1985; baseline 0.006 -18"><span class='ocrx_word' id='word_1_119' title='bbox 180 1907 358 1970; x_wconf 87' lang='lat' dir='ltr'>formasset:</span> <span class='ocrx_word' id='word_1_120' title='bbox 388 1928 444 1971; x_wconf 90' lang='lat' dir='ltr'>neo</span> <span class='ocrx_word' id='word_1_121' title='bbox 474 1910 589 1971; x_wconf 85' lang='lat' dir='ltr'>vellera</span> <span class='ocrx_word' id='word_1_122' title='bbox 615 1909 681 1969; x_wconf 83' lang='lat' dir='ltr'>viro</span> <span class='ocrx_word' id='word_1_123' title='bbox 710 1925 800 1968; x_wconf 83' lang='lat' dir='ltr'>curae</span> <span class='ocrx_word' id='word_1_124' title='bbox 829 1926 914 1985; x_wconf 88' lang='lat' dir='ltr'>esse,</span> <span class='ocrx_word' id='word_1_125' title='bbox 942 1909 997 1969; x_wconf 89' lang='lat' dir='ltr'>sed</span> <span class='ocrx_word' id='word_1_126' title='bbox 1028 1927 1097 1970; x_wconf 92' lang='lat' dir='ltr'>eum</span> <span class='ocrx_word' id='word_1_127' title='bbox 1119 1910 1230 1972; x_wconf 82' lang='lat' dir='ltr'>Iasona</span> <span class='ocrx_word' id='word_1_128' title='bbox 1258 1911 1291 1974; x_wconf 90' lang='lat' dir='ltr'>in</span> 
     </span>
     <span class='ocr_line' id='line_1_17' title="bbox 179 2009 1290 2092; baseline 0.005 -22"><span class='ocrx_word' id='word_1_129' title='bbox 179 2009 311 2071; x_wconf 81' lang='lat' dir='ltr'>inmania</span> <span class='ocrx_word' id='word_1_130' title='bbox 333 2012 411 2072; x_wconf 81' lang='lat' dir='ltr'>frete</span> <span class='ocrx_word' id='word_1_131' title='bbox 431 2031 554 2092; x_wconf 82' lang='lat' dir='ltr'>eogere,</span> <span class='ocrx_word' id='word_1_132' title='bbox 584 2032 643 2092; x_wconf 87' lang='lat' dir='ltr'>quo</span> <span class='ocrx_word' id='word_1_133' title='bbox 667 2031 694 2073; x_wconf 92' lang='lat' dir='ltr'>e.</span> <span class='ocrx_word' id='word_1_134' title='bbox 709 2033 735 2092; x_wconf 92' lang='lat' dir='ltr'>q.</span> <span class='ocrx_word' id='word_1_135' title='bbox 752 2031 775 2073; x_wconf 84' lang='lat' dir='ltr'>s.</span> <span class='ocrx_word' id='word_1_136' title='bbox 800 2011 895 2073; x_wconf 84' lang='lat' dir='ltr'>altera</span> <span class='ocrx_word' id='word_1_137' title='bbox 924 2011 1094 2074; x_wconf 89' lang='lat' dir='ltr'>oonieotura</span> <span class='ocrx_word' id='word_1_138' title='bbox 1119 2012 1290 2075; x_wconf 79' lang='lat' dir='ltr'>reiectanea</span> 
     </span>
     <span class='ocr_line' id='line_1_18' title="bbox 143 2115 1288 2197; baseline 0.004 -24"><span class='ocrx_word' id='word_1_139' title='bbox 143 2149 148 2156; x_wconf 94' lang='lat'><strong>·</strong></span> <span class='ocrx_word' id='word_1_140' title='bbox 179 2115 243 2190; x_wconf 90' lang='lat' dir='ltr'>est,</span> <span class='ocrx_word' id='word_1_141' title='bbox 272 2116 353 2193; x_wconf 92' lang='lat' dir='ltr'>quod</span> <span class='ocrx_word' id='word_1_142' title='bbox 379 2134 439 2197; x_wconf 79' lang='lat' dir='ltr'>quo</span> <span class='ocrx_word' id='word_1_143' title='bbox 460 2149 504 2160; x_wconf 91' lang='lat'>--</span> <span class='ocrx_word' id='word_1_144' title='bbox 527 2119 613 2197; x_wconf 80' lang='lat' dir='ltr'>queat</span> <span class='ocrx_word' id='word_1_145' title='bbox 639 2116 740 2177; x_wconf 85' lang='lat' dir='ltr'>verbis</span> <span class='ocrx_word' id='word_1_146' title='bbox 768 2115 808 2176; x_wconf 87' lang='lat' dir='ltr'>ad</span> <span class='ocrx_word' id='word_1_147' title='bbox 836 2134 873 2176; x_wconf 89' lang='lat' dir='ltr'>ea</span> <span class='ocrx_word' id='word_1_148' title='bbox 896 2132 974 2193; x_wconf 89' lang='lat' dir='ltr'>quae</span> <span class='ocrx_word' id='word_1_149' title='bbox 998 2118 1140 2177; x_wconf 82' lang='lat' dir='ltr'>secuntur</span> <span class='ocrx_word' id='word_1_150' title='bbox 1161 2116 1288 2178; x_wconf 78' lang='lat' dir='ltr'>adnexis</span> 
     </span>
     <span class='ocr_line' id='line_1_19' title="bbox 179 2215 1288 2300; baseline 0.004 -24"><span class='ocrx_word' id='word_1_151' title='bbox 179 2215 218 2276; x_wconf 89' lang='lat' dir='ltr'>do</span> <span class='ocrx_word' id='word_1_152' title='bbox 242 2216 276 2278; x_wconf 86' lang='lat' dir='ltr'>ri</span> <span class='ocrx_word' id='word_1_153' title='bbox 299 2217 440 2280; x_wconf 83' lang='lat' dir='ltr'>orationis</span> <span class='ocrx_word' id='word_1_154' title='bbox 461 2220 589 2280; x_wconf 87' lang='lat' dir='ltr'>multum</span> <span class='ocrx_word' id='word_1_155' title='bbox 610 2219 794 2295; x_wconf 78' lang='lat' dir='ltr'>detrahitur,</span> <span class='ocrx_word' id='word_1_156' title='bbox 826 2221 861 2280; x_wconf 90' lang='lat' dir='ltr'>ut</span> <span class='ocrx_word' id='word_1_157' title='bbox 887 2217 1005 2280; x_wconf 86' lang='lat' dir='ltr'>mittem</span> <span class='ocrx_word' id='word_1_158' title='bbox 1034 2221 1121 2300; x_wconf 79' lang='lat' dir='ltr'>queat</span> <span class='ocrx_word' id='word_1_159' title='bbox 1141 2236 1288 2298; x_wconf 76' lang='lat' dir='ltr'>praesens</span> 
     </span>
     <span class='ocr_line' id='line_1_20' title="bbox 178 2320 1288 2404; baseline 0.005 -25"><span class='ocrx_word' id='word_1_160' title='bbox 178 2338 239 2380; x_wconf 91' lang='lat' dir='ltr'>non</span> <span class='ocrx_word' id='word_1_161' title='bbox 267 2322 350 2381; x_wconf 85' lang='lat' dir='ltr'>reete</span> <span class='ocrx_word' id='word_1_162' title='bbox 380 2322 512 2402; x_wconf 87' lang='lat' dir='ltr'>pendere</span> <span class='ocrx_word' id='word_1_163' title='bbox 541 2341 560 2383; x_wconf 85' lang='lat' dir='ltr'>a</span> <span class='ocrx_word' id='word_1_164' title='bbox 588 2324 676 2386; x_wconf 80' lang='lat' dir='ltr'>veltet</span> <span class='ocrx_word' id='word_1_165' title='bbox 694 2322 884 2404; x_wconf 85' lang='lat' dir='ltr'>imperfeoto,</span> <span class='ocrx_word' id='word_1_166' title='bbox 917 2338 1014 2400; x_wconf 87' lang='lat' dir='ltr'>neque</span> <span class='ocrx_word' id='word_1_167' title='bbox 1035 2320 1216 2401; x_wconf 76' lang='lat' dir='ltr'>plantarium</span> <span class='ocrx_word' id='word_1_168' title='bbox 1237 2323 1288 2384; x_wconf 84' lang='lat' dir='ltr'>vel</span> 
     </span>
     <span class='ocr_line' id='line_1_21' title="bbox 177 2422 1287 2505; baseline 0.003 -22"><span class='ocrx_word' id='word_1_169' title='bbox 177 2441 287 2483; x_wconf 81' lang='lat' dir='ltr'>ourms</span> <span class='ocrx_word' id='word_1_170' title='bbox 307 2425 346 2484; x_wconf 85' lang='lat' dir='ltr'>ab</span> <span class='ocrx_word' id='word_1_171' title='bbox 367 2425 519 2503; x_wconf 83' lang='lat' dir='ltr'>anguibus</span> <span class='ocrx_word' id='word_1_172' title='bbox 540 2426 621 2488; x_wconf 88' lang='lat' dir='ltr'>veoti</span> <span class='ocrx_word' id='word_1_173' title='bbox 640 2445 730 2487; x_wconf 89' lang='lat' dir='ltr'>usum</span> <span class='ocrx_word' id='word_1_174' title='bbox 748 2427 843 2486; x_wconf 86' lang='lat' dir='ltr'>artem</span> <span class='ocrx_word' id='word_1_175' title='bbox 866 2425 936 2504; x_wconf 86' lang='lat' dir='ltr'>apte</span> <span class='ocrx_word' id='word_1_176' title='bbox 956 2422 1022 2485; x_wconf 86' lang='lat' dir='ltr'>diei.</span> <span class='ocrx_word' id='word_1_177' title='bbox 1058 2441 1134 2505; x_wconf 86' lang='lat' dir='ltr'>quae</span> <span class='ocrx_word' id='word_1_178' title='bbox 1154 2442 1223 2486; x_wconf 87' lang='lat' dir='ltr'>oum</span> <span class='ocrx_word' id='word_1_179' title='bbox 1243 2424 1287 2486; x_wconf 89' lang='lat' dir='ltr'>ita</span> 
     </span>
     <span class='ocr_line' id='line_1_22' title="bbox 178 2523 1287 2608; baseline 0.005 -24"><span class='ocrx_word' id='word_1_180' title='bbox 178 2523 247 2603; x_wconf 90' lang='lat' dir='ltr'>sint,</span> <span class='ocrx_word' id='word_1_181' title='bbox 269 2525 413 2587; x_wconf 87' lang='lat' dir='ltr'>librorum</span> <span class='ocrx_word' id='word_1_182' title='bbox 432 2527 605 2590; x_wconf 87' lang='lat' dir='ltr'>memoriam</span> <span class='ocrx_word' id='word_1_183' title='bbox 626 2528 775 2604; x_wconf 78' lang='lat' dir='ltr'>revocavi,</span> <span class='ocrx_word' id='word_1_184' title='bbox 797 2525 907 2608; x_wconf 87' lang='lat' dir='ltr'>quippe</span> <span class='ocrx_word' id='word_1_185' title='bbox 930 2544 1007 2605; x_wconf 86' lang='lat' dir='ltr'>quae</span> <span class='ocrx_word' id='word_1_186' title='bbox 1027 2525 1144 2588; x_wconf 87' lang='lat' dir='ltr'>Valerii</span> <span class='ocrx_word' id='word_1_187' title='bbox 1163 2547 1287 2589; x_wconf 86' lang='lat' dir='ltr'>menum</span> 
     </span>
     <span class='ocr_line' id='line_1_23' title="bbox 175 2613 1285 2712; baseline 0.003 -23"><span class='ocrx_word' id='word_1_188' title='bbox 175 2628 332 2704; x_wconf 87' lang='lat' dir='ltr'>exhibeat,</span> <span class='ocrx_word' id='word_1_189' title='bbox 359 2613 492 2692; x_wconf 84' lang='lat' dir='ltr'>nondum</span> <span class='ocrx_word' id='word_1_190' title='bbox 518 2633 621 2692; x_wconf 84' lang='lat' dir='ltr'>temen</span> <span class='ocrx_word' id='word_1_191' title='bbox 647 2631 772 2712; x_wconf 88' lang='lat' dir='ltr'>politam</span> <span class='ocrx_word' id='word_1_192' title='bbox 799 2639 831 2691; x_wconf 89' lang='lat' dir='ltr'>et</span> <span class='ocrx_word' id='word_1_193' title='bbox 854 2628 1049 2690; x_wconf 84' lang='lat' dir='ltr'>emendatam.</span> <span class='ocrx_word' id='word_1_194' title='bbox 1087 2630 1162 2690; x_wconf 86' lang='lat' dir='ltr'>haee</span> <span class='ocrx_word' id='word_1_195' title='bbox 1184 2635 1285 2692; x_wconf 88' lang='lat' dir='ltr'>autem</span> 
     </span>
     <span class='ocr_line' id='line_1_24' title="bbox 176 2731 1283 2811; baseline 0.002 -19"><span class='ocrx_word' id='word_1_196' title='bbox 176 2733 268 2811; x_wconf 89' lang='lat' dir='ltr'>poeta</span> <span class='ocrx_word' id='word_1_197' title='bbox 284 2732 418 2794; x_wconf 89' lang='lat' dir='ltr'>voluisse</span> <span class='ocrx_word' id='word_1_198' title='bbox 433 2733 568 2794; x_wconf 75' lang='lat' dir='ltr'>uidetur:</span> <span class='ocrx_word' id='word_1_199' title='bbox 591 2732 683 2794; x_wconf 88' lang='lat' dir='ltr'>Iason</span> <span class='ocrx_word' id='word_1_200' title='bbox 705 2731 800 2794; x_wconf 88' lang='lat' dir='ltr'>sensit</span> <span class='ocrx_word' id='word_1_201' title='bbox 821 2749 855 2791; x_wconf 89' lang='lat' dir='ltr'>se</span> <span class='ocrx_word' id='word_1_202' title='bbox 877 2731 908 2791; x_wconf 90' lang='lat' dir='ltr'>in</span> <span class='ocrx_word' id='word_1_203' title='bbox 929 2732 1008 2792; x_wconf 84' lang='lat' dir='ltr'>freta</span> <span class='ocrx_word' id='word_1_204' title='bbox 1023 2731 1110 2808; x_wconf 88' lang='lat' dir='ltr'>mitti,</span> <span class='ocrx_word' id='word_1_205' title='bbox 1131 2735 1166 2794; x_wconf 90' lang='lat' dir='ltr'>ut</span> <span class='ocrx_word' id='word_1_206' title='bbox 1187 2735 1283 2794; x_wconf 82' lang='lat' dir='ltr'>senta-</span> 
     </span>
     <span class='ocr_line' id='line_1_25' title="bbox 175 2831 1282 2917; baseline 0.002 -23"><span class='ocrx_word' id='word_1_207' title='bbox 175 2836 261 2894; x_wconf 88' lang='lat' dir='ltr'>retur</span> <span class='ocrx_word' id='word_1_208' title='bbox 284 2833 303 2895; x_wconf 87' lang='lat' dir='ltr'>i.</span> <span class='ocrx_word' id='word_1_209' title='bbox 317 2855 342 2896; x_wconf 89' lang='lat' dir='ltr'>e.</span> <span class='ocrx_word' id='word_1_210' title='bbox 366 2836 563 2917; x_wconf 87' lang='lat' dir='ltr'>experiretur,</span> <span class='ocrx_word' id='word_1_211' title='bbox 586 2854 645 2917; x_wconf 88' lang='lat' dir='ltr'>qua</span> <span class='ocrx_word' id='word_1_212' title='bbox 664 2836 730 2896; x_wconf 86' lang='lat' dir='ltr'>arte</span> <span class='ocrx_word' id='word_1_213' title='bbox 750 2835 782 2896; x_wconf 90' lang='lat' dir='ltr'>in</span> <span class='ocrx_word' id='word_1_214' title='bbox 797 2837 911 2896; x_wconf 87' lang='lat' dir='ltr'>terram</span> <span class='ocrx_word' id='word_1_215' title='bbox 924 2831 1102 2896; x_wconf 85' lang='lat' dir='ltr'>Oolohorum</span> <span class='ocrx_word' id='word_1_216' title='bbox 1122 2836 1282 2916; x_wconf 83' lang='lat' dir='ltr'>pervenire</span> 
     </span>
     <span class='ocr_line' id='line_1_26' title="bbox 175 2939 1110 3017; baseline 0.004 -19"><span class='ocrx_word' id='word_1_217' title='bbox 175 2939 289 3017; x_wconf 88' lang='lat' dir='ltr'>posset.</span> <span class='ocrx_word' id='word_1_218' title='bbox 1108 2997 1110 3002; x_wconf 91' lang='lat'><em>.</em></span> 
     </span>
     <span class='ocr_line' id='line_1_27' title="bbox 278 3038 1280 3122; baseline 0.004 -22"><span class='ocrx_word' id='word_1_219' title='bbox 278 3038 296 3100; x_wconf 98' lang='lat' dir='ltr'>I</span> <span class='ocrx_word' id='word_1_220' title='bbox 319 3043 381 3102; x_wconf 85' lang='lat'>149</span> <span class='ocrx_word' id='word_1_221' title='bbox 406 3041 548 3122; x_wconf 88' lang='lat' dir='ltr'>stupendi</span> <span class='ocrx_word' id='word_1_222' title='bbox 566 3042 658 3105; x_wconf 87' lang='lat' dir='ltr'>verbo</span> <span class='ocrx_word' id='word_1_223' title='bbox 673 3041 828 3118; x_wconf 87' lang='lat' dir='ltr'>Valerius,</span> <span class='ocrx_word' id='word_1_224' title='bbox 851 3057 1030 3122; x_wconf 85' lang='lat' dir='ltr'>quamquem</span> <span class='ocrx_word' id='word_1_225' title='bbox 1050 3059 1070 3102; x_wconf 88' lang='lat' dir='ltr'>a</span> <span class='ocrx_word' id='word_1_226' title='bbox 1091 3041 1280 3122; x_wconf 85' lang='lat' dir='ltr'>frequentata</span> 
     </span>
     <span class='ocr_line' id='line_1_28' title="bbox 174 3137 1282 3227; baseline 0.004 -25"><span class='ocrx_word' id='word_1_227' title='bbox 174 3140 240 3203; x_wconf 89' lang='lat' dir='ltr'>eius</span> <span class='ocrx_word' id='word_1_228' title='bbox 261 3143 480 3221; x_wconf 76' lang='lat' dir='ltr'>significatione</span> <span class='ocrx_word' id='word_1_229' title='bbox 502 3146 542 3207; x_wconf 87' lang='lat' dir='ltr'>ad</span> <span class='ocrx_word' id='word_1_230' title='bbox 563 3137 727 3227; x_wconf 82' lang='lat' dir='ltr'>prinoipem</span> <span class='ocrx_word' id='word_1_231' title='bbox 739 3143 949 3225; x_wconf 88' lang='lat' dir='ltr'>propriamque</span> <span class='ocrx_word' id='word_1_232' title='bbox 963 3145 1102 3223; x_wconf 88' lang='lat' dir='ltr'>quaeest</span> <span class='ocrx_word' id='word_1_233' title='bbox 1116 3143 1282 3208; x_wconf 77' lang='lat' dir='ltr'>adtonitam</span> 
     </span>
     <span class='ocr_line' id='line_1_29' title="bbox 171 3245 1281 3326; baseline 0 -20"><span class='ocrx_word' id='word_1_234' title='bbox 171 3264 235 3307; x_wconf 78' lang='lat' dir='ltr'>esre</span> <span class='ocrx_word' id='word_1_235' title='bbox 256 3245 390 3323; x_wconf 85' lang='lat' dir='ltr'>redibat,</span> <span class='ocrx_word' id='word_1_236' title='bbox 412 3251 513 3311; x_wconf 84' lang='lat' dir='ltr'>tomen</span> <span class='ocrx_word' id='word_1_237' title='bbox 534 3251 606 3312; x_wconf 84' lang='lat' dir='ltr'>baeo</span> <span class='ocrx_word' id='word_1_238' title='bbox 627 3247 831 3310; x_wconf 77' lang='lat' dir='ltr'>accusativum</span> <span class='ocrx_word' id='word_1_239' title='bbox 853 3245 1005 3324; x_wconf 82' lang='lat' dir='ltr'>adiunxit,</span> <span class='ocrx_word' id='word_1_240' title='bbox 1034 3263 1093 3326; x_wconf 87' lang='lat' dir='ltr'>qua</span> <span class='ocrx_word' id='word_1_241' title='bbox 1115 3246 1281 3324; x_wconf 81' lang='lat' dir='ltr'>neglegen-</span> 
     </span>
     <span class='ocr_line' id='line_1_30' title="bbox 173 3346 1281 3430; baseline 0.001 -20"><span class='ocrx_word' id='word_1_242' title='bbox 173 3348 216 3410; x_wconf 83' lang='lat' dir='ltr'>tia</span> <span class='ocrx_word' id='word_1_243' title='bbox 237 3346 377 3410; x_wconf 84' lang='lat' dir='ltr'>effoetum</span> <span class='ocrx_word' id='word_1_244' title='bbox 401 3355 464 3428; x_wconf 87' lang='lat' dir='ltr'>est,</span> <span class='ocrx_word' id='word_1_245' title='bbox 493 3355 528 3412; x_wconf 92' lang='lat' dir='ltr'>ut</span> <span class='ocrx_word' id='word_1_246' title='bbox 551 3350 703 3412; x_wconf 84' lang='lat' dir='ltr'>&#39;sententie</span> <span class='ocrx_word' id='word_1_247' title='bbox 728 3349 817 3411; x_wconf 89' lang='lat' dir='ltr'>huius</span> <span class='ocrx_word' id='word_1_248' title='bbox 846 3369 953 3410; x_wconf 87' lang='lat' dir='ltr'>versus</span> <span class='ocrx_word' id='word_1_249' title='bbox 974 3367 994 3409; x_wconf 87' lang='lat' dir='ltr'>a</span> <span class='ocrx_word' id='word_1_250' title='bbox 1017 3347 1168 3430; x_wconf 89' lang='lat' dir='ltr'>plerisque</span> <span class='ocrx_word' id='word_1_251' title='bbox 1189 3348 1281 3411; x_wconf 86' lang='lat' dir='ltr'>inter·</span> 
     </span>
     <span class='ocr_line' id='line_1_31' title="bbox 171 3452 1280 3535; baseline 0 -21"><span class='ocrx_word' id='word_1_252' title='bbox 171 3453 309 3534; x_wconf 88' lang='lat' dir='ltr'>pretibus</span> <span class='ocrx_word' id='word_1_253' title='bbox 347 3471 406 3516; x_wconf 91' lang='lat' dir='ltr'>non</span> <span class='ocrx_word' id='word_1_254' title='bbox 443 3456 608 3535; x_wconf 83' lang='lat' dir='ltr'>caperetur.</span> <span class='ocrx_word' id='word_1_255' title='bbox 652 3453 764 3514; x_wconf 87' lang='lat' dir='ltr'>nostris</span> <span class='ocrx_word' id='word_1_256' title='bbox 800 3452 891 3513; x_wconf 88' lang='lat' dir='ltr'>etiam</span> <span class='ocrx_word' id='word_1_257' title='bbox 926 3452 1110 3532; x_wconf 86' lang='lat' dir='ltr'>temporibus</span> <span class='ocrx_word' id='word_1_258' title='bbox 1144 3453 1280 3533; x_wconf 82' lang='lat' dir='ltr'>Eyssen-</span> 
     </span>
     <span class='ocr_line' id='line_1_32' title="bbox 170 3554 1278 3638; baseline 0.001 -21"><span class='ocrx_word' id='word_1_259' title='bbox 170 3556 309 3618; x_wconf 90' lang='lat' dir='ltr'>hardtius</span> <span class='ocrx_word' id='word_1_260' title='bbox 339 3555 401 3634; x_wconf 77' lang='lat' dir='ltr'>(Li</span> <span class='ocrx_word' id='word_1_261' title='bbox 418 3576 447 3636; x_wconf 90' lang='lat' dir='ltr'>p.</span> <span class='ocrx_word' id='word_1_262' title='bbox 464 3558 539 3635; x_wconf 83' lang='lat'>380)</span> <span class='ocrx_word' id='word_1_263' title='bbox 567 3560 599 3618; x_wconf 86' lang='lat' dir='ltr'>et</span> <span class='ocrx_word' id='word_1_264' title='bbox 627 3559 697 3638; x_wconf 89' lang='lat' dir='ltr'>post</span> <span class='ocrx_word' id='word_1_265' title='bbox 724 3575 795 3616; x_wconf 89' lang='lat' dir='ltr'>eum</span> <span class='ocrx_word' id='word_1_266' title='bbox 821 3554 954 3616; x_wconf 87' lang='lat' dir='ltr'>Koohius</span> <span class='ocrx_word' id='word_1_267' title='bbox 983 3555 1013 3634; x_wconf 79' lang='lat' dir='ltr'>(L</span> <span class='ocrx_word' id='word_1_268' title='bbox 1028 3555 1047 3616; x_wconf 84' lang='lat' dir='ltr'>L</span> <span class='ocrx_word' id='word_1_269' title='bbox 1063 3575 1092 3636; x_wconf 92' lang='lat' dir='ltr'>p.</span> <span class='ocrx_word' id='word_1_270' title='bbox 1108 3556 1183 3634; x_wconf 84' lang='lat'>163)</span> <span class='ocrx_word' id='word_1_271' title='bbox 1210 3574 1278 3618; x_wconf 86' lang='lat' dir='ltr'>oon·</span> 
     </span>
     <span class='ocr_line' id='line_1_33' title="bbox 170 3656 1277 3741; baseline 0.001 -22"><span class='ocrx_word' id='word_1_272' title='bbox 170 3659 288 3721; x_wconf 80' lang='lat' dir='ltr'>iectura</span> <span class='ocrx_word' id='word_1_273' title='bbox 309 3678 385 3740; x_wconf 90' lang='lat' dir='ltr'>opus</span> <span class='ocrx_word' id='word_1_274' title='bbox 407 3677 476 3721; x_wconf 88' lang='lat' dir='ltr'>esse</span> <span class='ocrx_word' id='word_1_275' title='bbox 497 3661 649 3741; x_wconf 84' lang='lat' dir='ltr'>putarunt</span> <span class='ocrx_word' id='word_1_276' title='bbox 679 3657 730 3718; x_wconf 91' lang='lat' dir='ltr'>ille</span> <span class='ocrx_word' id='word_1_277' title='bbox 752 3658 832 3718; x_wconf 89' lang='lat' dir='ltr'>enim</span> <span class='ocrx_word' id='word_1_278' title='bbox 854 3656 980 3718; x_wconf 87' lang='lat' dir='ltr'>oonieoit</span> <span class='ocrx_word' id='word_1_279' title='bbox 994 3656 1080 3720; x_wconf 85' lang='lat' dir='ltr'>Haeo</span> <span class='ocrx_word' id='word_1_280' title='bbox 1098 3678 1277 3741; x_wconf 80' lang='lat' dir='ltr'>quamquam</span> 
     </span>
     <span class='ocr_line' id='line_1_34' title="bbox 168 3759 1276 3846; baseline 0.002 -24"><span class='ocrx_word' id='word_1_281' title='bbox 168 3761 309 3824; x_wconf 66' lang='lat' dir='ltr'>rodenda</span> <span class='ocrx_word' id='word_1_282' title='bbox 336 3764 368 3822; x_wconf 86' lang='lat' dir='ltr'>ot</span> <span class='ocrx_word' id='word_1_283' title='bbox 400 3765 454 3824; x_wconf 80' lang='lat' dir='ltr'>oin</span> <span class='ocrx_word' id='word_1_284' title='bbox 482 3766 579 3846; x_wconf 77' lang='lat' dir='ltr'>stupet</span> <span class='ocrx_word' id='word_1_285' title='bbox 605 3759 721 3824; x_wconf 76' lang='lat' dir='ltr'>Aesone</span> <span class='ocrx_word' id='word_1_286' title='bbox 748 3763 837 3822; x_wconf 78' lang='lat' dir='ltr'>notar</span> <span class='ocrx_word' id='word_1_287' title='bbox 868 3762 1023 3824; x_wconf 89' lang='lat' dir='ltr'>insolitum</span> <span class='ocrx_word' id='word_1_288' title='bbox 1051 3765 1083 3825; x_wconf 86' lang='lat' dir='ltr'>ot</span> <span class='ocrx_word' id='word_1_289' title='bbox 1111 3762 1276 3844; x_wconf 79' lang='lat' dir='ltr'>particulae</span> 
     </span>
     <span class='ocr_line' id='line_1_35' title="bbox 169 3862 1276 3938; baseline -0.005 -12"><span class='ocrx_word' id='word_1_290' title='bbox 169 3883 259 3926; x_wconf 86' lang='lat' dir='ltr'>usum</span> <span class='ocrx_word' id='word_1_291' title='bbox 287 3863 446 3928; x_wconf 82' lang='lat' dir='ltr'>Claudiani</span> <span class='ocrx_word' id='word_1_292' title='bbox 474 3865 501 3926; x_wconf 89' lang='lat' dir='ltr'>d.</span> <span class='ocrx_word' id='word_1_293' title='bbox 516 3885 539 3925; x_wconf 90' lang='lat' dir='ltr'>r.</span> <span class='ocrx_word' id='word_1_294' title='bbox 556 3863 638 3926; x_wconf 81' lang='lat' dir='ltr'>Proe</span> <span class='ocrx_word' id='word_1_295' title='bbox 661 3863 711 3923; x_wconf 89' lang='lat' dir='ltr'>HI</span> <span class='ocrx_word' id='word_1_296' title='bbox 735 3866 796 3924; x_wconf 85' lang='lat'>168</span> <span class='ocrx_word' id='word_1_297' title='bbox 828 3881 887 3924; x_wconf 93' lang='lat' dir='ltr'>non</span> <span class='ocrx_word' id='word_1_298' title='bbox 918 3863 991 3926; x_wconf 86' lang='lat' dir='ltr'>satis</span> <span class='ocrx_word' id='word_1_299' title='bbox 1021 3863 1203 3938; x_wconf 81' lang='lat' dir='ltr'>defendens,</span> <span class='ocrx_word' id='word_1_300' title='bbox 1227 3862 1276 3936; x_wconf 77' lang='lat' dir='ltr'>hio</span> 
     </span>
     <span class='ocr_line' id='line_1_36' title="bbox 168 3965 1273 4050; baseline -0.006 -21"><span class='ocrx_word' id='word_1_301' title='bbox 168 3966 255 4030; x_wconf 82' lang='lat' dir='ltr'>Horo</span> <span class='ocrx_word' id='word_1_302' title='bbox 282 3987 461 4050; x_wconf 78' lang='lat' dir='ltr'>quamquam</span> <span class='ocrx_word' id='word_1_303' title='bbox 489 3965 629 4029; x_wconf 63' lang='lat' dir='ltr'>meando</span> <span class='ocrx_word' id='word_1_304' title='bbox 657 3968 757 4028; x_wconf 77' lang='lat' dir='ltr'>minor</span> <span class='ocrx_word' id='word_1_305' title='bbox 784 3968 880 4048; x_wconf 69' lang='lat' dir='ltr'>stupet</span> <span class='ocrx_word' id='word_1_306' title='bbox 905 3965 1023 4032; x_wconf 77' lang='lat' dir='ltr'>Aesone</span> <span class='ocrx_word' id='word_1_307' title='bbox 1051 3971 1139 4029; x_wconf 80' lang='lat' dir='ltr'>natue</span> <span class='ocrx_word' id='word_1_308' title='bbox 1167 3982 1273 4044; x_wconf 84' lang='lat' dir='ltr'>parum</span> 
     </span>
     <span class='ocr_line' id='line_1_37' title="bbox 167 4065 1273 4153; baseline -0.005 -21"><span class='ocrx_word' id='word_1_309' title='bbox 167 4089 291 4147; x_wconf 82' lang='lat' dir='ltr'>curans,</span> <span class='ocrx_word' id='word_1_310' title='bbox 315 4070 457 4153; x_wconf 86' lang='lat' dir='ltr'>stupendi</span> <span class='ocrx_word' id='word_1_311' title='bbox 477 4071 580 4146; x_wconf 88' lang='lat' dir='ltr'>verbo,</span> <span class='ocrx_word' id='word_1_312' title='bbox 600 4068 679 4151; x_wconf 91' lang='lat' dir='ltr'>quod</span> <span class='ocrx_word' id='word_1_313' title='bbox 701 4088 849 4130; x_wconf 89' lang='lat' dir='ltr'>summum</span> <span class='ocrx_word' id='word_1_314' title='bbox 872 4068 1076 4130; x_wconf 86' lang='lat' dir='ltr'>admirationis</span> <span class='ocrx_word' id='word_1_315' title='bbox 1098 4065 1183 4148; x_wconf 85' lang='lat' dir='ltr'>quasi</span> <span class='ocrx_word' id='word_1_316' title='bbox 1204 4084 1273 4144; x_wconf 80' lang='lat' dir='ltr'>gra·</span> 
     </span>
     <span class='ocr_line' id='line_1_38' title="bbox 167 4169 1273 4253; baseline -0.004 -19"><span class='ocrx_word' id='word_1_317' title='bbox 167 4171 238 4234; x_wconf 87' lang='lat' dir='ltr'>dum</span> <span class='ocrx_word' id='word_1_318' title='bbox 261 4173 430 4253; x_wconf 76' lang='lat' dir='ltr'>significet,</span> <span class='ocrx_word' id='word_1_319' title='bbox 457 4174 557 4236; x_wconf 76' lang='lat' dir='ltr'>mrbus</span> <span class='ocrx_word' id='word_1_320' title='bbox 585 4192 645 4233; x_wconf 93' lang='lat' dir='ltr'>non</span> <span class='ocrx_word' id='word_1_321' title='bbox 673 4174 755 4232; x_wconf 91' lang='lat' dir='ltr'>reote</span> <span class='ocrx_word' id='word_1_322' title='bbox 782 4170 860 4234; x_wconf 89' lang='lat' dir='ltr'>addi.</span> <span class='ocrx_word' id='word_1_323' title='bbox 896 4172 962 4253; x_wconf 90' lang='lat' dir='ltr'>ipse</span> <span class='ocrx_word' id='word_1_324' title='bbox 983 4173 1126 4232; x_wconf 87' lang='lat' dir='ltr'>librorum</span> <span class='ocrx_word' id='word_1_325' title='bbox 1148 4169 1273 4249; x_wconf 85' lang='lat' dir='ltr'>seript-</span> 
     </span>
    </p>
   </div>
   <div class='ocr_carea' id='block_1_5' title="bbox 166 4273 1273 4428">
    <p class='ocr_par' dir='ltr' id='par_1_6' title="bbox 166 4273 1273 4428">
     <span class='ocr_line' id='line_1_39' title="bbox 166 4273 1273 4356; baseline -0.006 -18"><span class='ocrx_word' id='word_1_326' title='bbox 166 4295 231 4338; x_wconf 88' lang='lat' dir='ltr'>ram</span> <span class='ocrx_word' id='word_1_327' title='bbox 255 4278 399 4340; x_wconf 80' lang='lat' dir='ltr'>intactam</span> <span class='ocrx_word' id='word_1_328' title='bbox 416 4275 551 4356; x_wconf 90' lang='lat' dir='ltr'>linquere</span> <span class='ocrx_word' id='word_1_329' title='bbox 573 4276 664 4336; x_wconf 89' lang='lat' dir='ltr'>malui</span> <span class='ocrx_word' id='word_1_330' title='bbox 688 4281 721 4336; x_wconf 90' lang='lat' dir='ltr'>et</span> <span class='ocrx_word' id='word_1_331' title='bbox 734 4276 789 4336; x_wconf 92' lang='lat' dir='ltr'>hoo</span> <span class='ocrx_word' id='word_1_332' title='bbox 801 4274 888 4338; x_wconf 90' lang='lat' dir='ltr'>modo</span> <span class='ocrx_word' id='word_1_333' title='bbox 903 4273 1071 4354; x_wconf 81' lang='lat' dir='ltr'>explicare:</span> <span class='ocrx_word' id='word_1_334' title='bbox 1094 4281 1273 4350; x_wconf 83' lang='lat' dir='ltr'>quamquem</span> 
     </span>
     <span class='ocr_line' id='line_1_40' title="bbox 220 4379 415 4428; baseline 0 -8"><span class='ocrx_word' id='word_1_335' title='bbox 220 4379 294 4428; x_wconf 76' lang='lat' dir='ltr'>rruo.</span> <span class='ocrx_word' id='word_1_336' title='bbox 315 4381 366 4423; x_wconf 75' lang='lat' dir='ltr'>vn.</span> <span class='ocrx_word' id='word_1_337' title='bbox 380 4379 415 4420; x_wconf 84' lang='lat' dir='ltr'>rr.</span> 
     </span>
    </p>
   </div>
   <div class='ocr_carea' id='block_1_6' title="bbox 0 0 1548 4968">
    <p class='ocr_par' dir='ltr' id='par_1_7' title="bbox 0 0 1548 4968">
     <span class='ocr_line' id='line_1_41' title="bbox 0 0 1548 4968; baseline 0 5"><span class='ocrx_word' id='word_1_338' title='bbox 0 0 1548 4968; x_wconf 95' lang='lat' dir='ltr'> </span> 
     </span>
    </p>
   </div>
  </div>
 </body>
</html>
