3072 4974
550 429 772 474 sasonuvnnoon
792 429 877 471 nmnn
890 429 930 471 vr.
1231 403 1295 472 169

277 609 345 652 eum
366 585 462 664 rada,
485 585 694 667 Thyrsagetas
715 583 818 664 gelida
837 581 961 664 liquisse
983 582 1039 643 snb
1061 581 1152 643 arete.
1231 584 1295 643 140

275 692 338 754 illis
358 689 455 754 omnis
477 688 574 750 adhue
594 687 732 749 veterum
752 689 839 748 tenor
859 688 892 747 et
913 703 999 748 saeer
1016 683 1095 747 aeria

276 797 384 878 puisus
406 795 437 855 et
455 810 529 854 eoae
549 791 745 857 memoratrix
766 789 840 852 tibia
861 805 989 869 pugnae.

276 898 376 978 iungit
398 915 471 978 opes
494 894 611 956 Emoda
631 913 718 970 suas;
741 912 798 955 sua
819 892 906 984 signa
929 891 1026 952 seeuti

275 1001 443 1063 Exomatae
467 997 641 1080 Torynique
663 1001 696 1059 et
717 996 788 1059 flavi
809 995 890 1057 erine
913 993 1091 1070 Satarchae3

275 1104 372 1167 meilis
394 1104 489 1166 honos
510 1100 656 1182 Torynis,
678 1100 776 1162 ditant
797 1117 853 1160 sua
872 1097 1001 1160 mulotra
1022 1097 1194 1179 Satarohen,
1232 1103 1294 1164 145

275 1209 441 1275 Exomatas
462 1206 592 1268 venatus
614 1203 682 1279 alit,
704 1219 761 1262 nee
780 1201 888 1264 olarior
908 1201 978 1264 ullis

276 1314 376 1374 aretos
398 1308 500 1390 equis3
524 1308 637 1370 abeunt
655 1304 799 1387 Hypanin
820 1304 1018 1386 fragilemque
1039 1323 1094 1387 per
1115 1307 1226 1370 undam

276 1414 395 1495 tigridis
417 1415 472 1476 aut
492 1430 602 1474 saevae
621 1407 741 1492 profugi
762 1427 830 1470 eum
850 1410 934 1490 prole
956 1410 1089 1487 leaenae,

275 1519 450 1598 maestaque
473 1515 633 1598 suspectae
653 1515 750 1574 mater
772 1513 875 1592 stupet
896 1529 1011 1592 aggere
1031 1513 1122 1594 ripae.

276 1620 385 1702 inpulit
405 1623 437 1680 et
458 1619 565 1680 dubios
586 1616 712 1695 Phrixei*
730 1617 852 1679 velleris
873 1615 963 1676 ardor
1233 1617 1296 1680 150

278 1718 425 1788 Centoras
448 1724 480 1783 et
501 1722 581 1782 diros
603 1721 721 1799 magico
744 1723 860 1782 terrore
881 1717 1035 1788 Choatrae.

277 1827 414 1890 omnibus
434 1823 467 1885 in
489 1842 615 1904 superos
639 1842 750 1884 saevus
771 1824 879 1899 honor,
903 1823 1039 1886 omnibns
1061 1825 1144 1886 artes

276 1928 490 1994 monstrifioae:
510 1945 589 1988 nuno
611 1945 685 1987 vere
706 1945 784 1988 novo
807 1945 987 2008 eonpeseere
1006 1927 1137 2005 frondes,

277 2053 356 2096 nuno
379 2030 509 2094 subitam
529 2029 654 2110 trepidis
676 2029 810 2092 Maeotin
835 2032 952 2092 solvere
970 2031 1122 2111 plaustris.

277 2135 426 2198 maximus
448 2135 504 2196 hos
523 2133 602 2194 inter
623 2132 732 2214 Stygia
753 2131 837 2195 venit
858 2135 923 2194 arte
947 2132 1072 2196 Coastes
1079 2158 1087 2209 ;
1233 2139 1295 2200 155

281 2239 422 2301 sollicitat
441 2258 498 2300 nee
519 2237 628 2300 Martis
648 2255 746 2315 amor,
770 2237 823 2298 sed
844 2237 924 2298 fama
946 2235 1080 2320 Cytaeae

277 2342 406 2424 virginis
430 2344 462 2403 et
480 2341 602 2424 paribus
625 2341 742 2422 spirans
762 2339 872 2402 Medea
892 2340 1024 2402 venenis.

247 2443 273 2476 s
278 2449 393 2530 gaudet
414 2443 538 2508 Averna
557 2446 661 2527 palus,
683 2444 798 2525 gaudet
816 2444 876 2506 iam
896 2445 984 2506 nodte
1006 2443 1109 2525 quieta

277 2550 407 2635 portitor
428 2551 459 2611 et
480 2549 545 2610 tuto
567 2548 693 2610 veniens
712 2547 840 2609 Latonia
861 2548 951 2608 eaelo.

277 2654 361 2716 ibant
382 2655 414 2714 et
435 2651 563 2732 geminis
588 2655 752 2732 aequantes
775 2651 912 2712 cornibus
935 2651 998 2712 alas
1235 2657 1298 2716 160

277 2756 420 2819 Bailoniti
438 2756 639 2836 comitumque
661 2757 741 2818 oeier
762 2755 894 2816 mutator
915 2773 1061 2834 equorum

278 2858 402 2922 Moesus
424 2862 456 2921 et
476 2859 608 2939 ingentis
632 2859 765 2920 frenator
786 2855 925 2918 Sarmata
945 2857 1032 2918 eonti

298 3157 347 3202 140
365 3153 427 3216 iuga
444 3153 470 3201 0.
498 3149 699 3213 Haemi-iuga
716 3151 873 3198 Burmannus
944 3140 1125 3215 'thyrsagatas
1147 3150 1195 3216 Vq)

195 3243 244 3290 142
267 3253 342 3288 44444
365 3239 390 3288 V
508 3240 556 3284 143
575 3233 674 3284 Emoda
691 3235 771 3283 Bou:
800 3231 898 3282 Emeda
922 3234 1020 3295 Vara,
1045 3234 1199 3285 Eumedat*

194 3329 244 3374 144
269 3325 406 3374 Axamatae
428 3325 508 3382 Bou,
540 3320 684 3370 Iaxamatae
702 3321 764 3369 Pius
867 3315 1063 3388 ’1οή41444444
1150 3322 1298 3374 4411414144

199 3413 247 3478 Vrp
352 3413 400 3458 145
420 3423 482 3458 onor
506 3408 531 3456 V
606 3404 739 3454 satarehen
758 3417 798 3452 m:
816 3403 957 3452 astarthem
979 3406 1004 3456 V
1106 3412 1153 3458 146
1172 3407 1298 3460 Ixamatae

192 3499 274 3557 Bou,
293 3493 434 3544 Iaxamatae
454 3494 513 3542 Au.
603 3496 651 3542 141
671 3488 818 3553 facilemque
835 3490 863 3536 s'u
885 3490 910 3540 V
926 3492 974 3554 lapi
992 3505 1040 3540 aaa
1058 3501 1122 3542 reeta
1138 3496 1202 3544 diust
1218 3497 1299 3548 Hun-

193 3585 260 3642 ar'ua,
285 3583 329 3644 qui
346 3582 447 3630 cauteria
466 3577 620 3643 Tanaimque
638 3591 684 3642 per
703 3573 780 3624 udum
805 3583 847 3624 aut
867 3573 1031 3640 Sagarimque
1055 3592 1102 3643 per
1119 3579 1196 3630 udum
1364 3633 1366 3640 ,

194 3672 243 3718 148
263 3681 337 3716 saeue
359 3665 385 3716 V
471 3669 518 3714 149
537 3663 667 3726 Mestaque
691 3661 716 3712 V
762 3665 766 3671 ⁴
809 3664 856 3710 152
875 3659 996 3710 Omnibus
1013 3660 1072 3712 hino
1093 3679 1181 3716 saevus
1199 3669 1298 3734 superis

192 3754 254 3802 Bou.
326 3764 389 3800 onor
414 3752 439 3800 V
504 3750 620 3800 emhibns
643 3748 668 3800 V
735 3749 801 3795 artes
819 3761 857 3794 m:
875 3749 944 3796 artus
968 3747 993 3796 V
1077 3753 1125 3800 153
1144 3751 1298 3805 Monstrifice

197 3840 223 3889 V
324 3841 374 3888 154
394 3834 500 3886 solidam
518 3837 675 3884 Burmannus
687 3835 830 3893 proposuit,
854 3829 963 3880 subitam
989 3834 1080 3894 siquam
1097 3840 1229 3902 offenderat

192 3923 285 3988 tepidis
299 3951 332 3960 -
345 3921 463 3972 claustris
481 3922 615 3980 Heiuoiua,
639 3935 692 3969 outa
714 3921 741 3966 in
762 3920 840 3968 radica
865 3919 932 3982 rapto
953 3920 1051 3982 lapiaact
1074 3922 1167 3986 tepidis
1179 3951 1213 3960 -
1225 3923 1298 3989 pian-

194 4009 252 4058 stris
339 4007 435 4057 meotin
455 4008 480 4058 V
584 4010 631 4056 155
650 4005 774 4054 Maximus
794 4007 828 4054 11
842 4001 977 4068 (Maximus
997 4020 1059 4054 4444.
1081 4005 1115 4071 m)
1185 4009 1299 4060 ehoastes

193 4095 251 4154 114,
269 4090 389 4143 Cohastes
407 4093 466 4142 Ata.
557 4096 605 4142 156
625 4091 703 4140 411444
726 4093 751 4142 V
823 4093 871 4140 151
890 4085 1006 4160 ueneni
1025 4090 1050 4138 V
1068 4093 1102 4153 (et
1121 4094 1216 4156 siparum
1235 4099 1300 4155 quod

194 4187 230 4228 eat
251 4201 288 4226 υ
307 4181 416 4229 adstituor
434 4195 491 4227 am.
509 4191 555 4228 aea.
575 4185 598 4226 et
614 4176 625 4225 i
643 4174 778 4234 intertrusa)
849 4177 897 4224 159
917 4177 972 4224 1414
989 4175 1044 4241 Hui
1116 4181 1165 4227 160
1181 4183 1299 4244 equantes

199 4266 224 4315 V
291 4269 337 4316 161
353 4264 545 4329 Eminentia,
565 4260 828 4312 Bellonotiuaauus
898 4263 946 4309 161
964 4259 1051 4310 Mesua
1064 4268 1102 4326 ψ,
1119 4262 1202 4313 Nesus
1216 4267 1298 4316 Mase-

193 4353 248 4400 su'ua
317 4349 478 4400 sarmentaM
493 4347 613 4413 (sarmata
632 4361 694 4396 eoru.
715 4345 762 4410 aa),
783 4344 966 4396 TarmataAld.
1037 4346 1122 4396 canthi
1133 4349 1264 4404 Sabellicus
