3086 4968
708 415 796 458 CAPUT
818 419 838 459 1.
1234 423 1322 464 xxxix

210 587 315 645 tamen
340 583 434 644 multo
461 583 586 644 similius
615 586 676 660 est,
707 603 796 664 quam
826 587 993 666 temporum
1013 587 1169 669 iniquitate
1192 609 1229 652 ea
1250 611 1316 670 per-

210 686 303 762 iisse,
331 687 364 748 in
391 687 499 767 quibus
519 686 765 766 Argonautarum
790 688 980 750 redeuntium
999 688 1061 750 fata
1081 695 1203 754 narrata
1222 696 1315 754 erant.

211 789 323 851 deinde
344 790 425 870 quod
442 789 474 849 in
496 789 631 850 omnibus
653 807 728 868 quos
747 790 890 851 habemus
900 788 1016 852 Valerii
1029 793 1112 854 libris
1126 795 1206 856 haud
1220 813 1317 876 pauca

212 895 288 954 sunt
314 911 393 973 quae
415 891 593 973 displiceant
621 891 769 972 simulque
798 892 841 954 ita
869 895 1040 973 comparata
1066 896 1143 974 siut,
1169 900 1220 974 ut,
1247 915 1315 958 curn

211 1013 335 1058 carmen
356 1014 455 1076 neque
477 1013 496 1056 a
521 995 623 1057 multis
645 995 756 1056 lectum
778 995 820 1057 sit
844 1015 943 1077 neque
965 996 996 1058 in
1018 997 1126 1060 scholis
1147 1001 1316 1076 tractatum,

213 1118 252 1160 ea
273 1099 347 1160 vitia
366 1119 385 1160 e
404 1115 499 1178 preve
519 1097 749 1160 semidoctorum
771 1099 922 1160 hominum
943 1101 1120 1162 emendandi
1136 1102 1316 1183 interpolan-

213 1202 304 1282 dique
333 1200 433 1262 studio
461 1200 560 1280 repeti
580 1219 640 1260 uou
663 1202 798 1281 possint,
825 1201 885 1264 illis
906 1203 1075 1279 adsentior,
1096 1204 1145 1284 qui
1161 1205 1316 1268 Valerium

214 1304 430 1385 Argonauticis
446 1303 615 1365 extremum
628 1303 813 1383 perpoliendi
826 1305 959 1368 laborem
971 1305 1143 1368 adhibuisse
1157 1313 1318 1388 negarunt.

212 1409 302 1470 aliter
324 1410 364 1469 de
386 1409 442 1468 hac
459 1406 634 1488 quaestione
656 1405 809 1468 aNicolao
829 1406 955 1469 Heinsio
975 1407 1137 1470 iudicatum
1158 1413 1216 1487 est,-
1232 1411 1317 1472 eutius

212 1512 396 1573 sententiam
421 1512 545 1591 propter
570 1527 713 1588 magnam
742 1529 831 1590 quam
859 1511 950 1572 habet
977 1512 1024 1572 vir
1051 1531 1185 1574 summus
1213 1512 1245 1574 iu
1263 1515 1318 1576 hoo

211 1635 326 1696 genere
347 1615 517 1675 litterarum
538 1611 747 1673 auctoritatem
767 1613 917 1691 integram
939 1614 1090 1676 subiciam.
1129 1616 1204 1678 haec
1223 1617 1318 1696 igitur

211 1720 286 1779 sunt
314 1716 379 1778 eius
406 1717 500 1778 verba
518 1716 550 1776 in
569 1715 766 1796 praelatione:
789 1707 948 1779 ‘Breviter
976 1719 1003 1778 is
1031 1737 1105 1799 ergo
1134 1717 1163 1794 (i
1179 1737 1203 1778 e.
1217 1717 1317 1781 Varro

210 1820 373 1896 Atacinus)
401 1819 485 1879 libris
515 1821 656 1900 quattuor
690 1818 771 1879 idam
798 1824 1010 1900 argumentum
1041 1824 1107 1884 erat
1129 1823 1317 1900 persecutus,

211 1925 293 2004 quod
315 1925 434 1997 noster,
466 1924 611 2001 quantum
639 1940 679 1982 ex
705 1922 760 1997 iis,
787 1940 864 2002 quae
893 1923 990 1986 adhuc
1011 1924 1189 2006 supersunt,
1216 1923 1317 2004 colligi

210 2029 317 2104 datur,
348 2025 511 2099 duodenis,
536 2028 589 2085 aut
607 2026 642 2085 ut
662 2024 818 2086 minimum
840 2025 944 2088 decem
958 2025 989 2105 ⁴⁶)
1010 2027 1213 2090 uoluminibus
1235 2047 1314 2089 eom-

210 2130 405 2213 plectendum
422 2127 479 2189 sibi
501 2130 706 2208 proposuerat
744 2127 851 2208 Neque
874 2129 969 2205 euim,
995 2130 1053 2193 nisi
1074 2113 1202 2192 multum
1223 2132 1315 2192 teme

211 2234 326 2310 rarius,
355 2231 422 2311 quis
453 2231 656 2306 adseverant,
689 2231 786 2290 morte
814 2233 1013 2310 praeventum
1041 2233 1183 2296 Flaccum
1211 2253 1315 2314 supre-

210 2356 291 2398 mam
312 2333 443 2416 poemati
463 2353 585 2395 manum
607 2333 688 2395 haud
707 2333 892 2408 admovisse,
918 2333 1086 2413 quandoid
1109 2356 1185 2417 opus
1206 2337 1316 2415 longae

211 2439 321 2502 aetates
347 2437 456 2498 iniuria
482 2436 667 2511 mutilatum,
697 2439 732 2497 ut
751 2455 831 2496 nuno
854 2441 917 2511 est,
946 2436 985 2498 ad
1012 2456 1067 2498 nos
1092 2440 1190 2520 potuit
1210 2459 1316 2520 perve-

211 2545 284 2605 nire.
319 2541 399 2603 Nam
419 2540 497 2619 quod
518 2538 728 2609 eQuintiliani
748 2539 850 2600 verbis
871 2540 909 2600 de
931 2558 967 2600 eo
987 2542 1093 2604 volunt
1114 2543 1232 2604 abunde
1246 2561 1315 2606 cou-

210 2643 400 2723 stare,⁸oum
419 2642 548 2704 multum
568 2662 663 2723 nuper
685 2644 828 2704 omassum
848 2645 941 2706 moto
961 2643 1081 2710 Valerii
1098 2647 1206 2710 Flacci
1222 2649 1314 2708 teste-

210 2753 262 2812 tur
285 2745 432 2810 Oratoriis
461 2745 492 2806 in
514 2743 773 2822 Institutionibus‚
801 2764 849 2806 me
870 2765 930 2807 uon
951 2747 1078 2826 habent,
1106 2750 1219 2824 fateor,
1247 2749 1315 2810 huic

210 2849 379 2913 sententiae
397 2837 635 2925 suffragatorem.
666 2846 768 2908 Potuit
789 2847 868 2910 enim
881 2848 1008 2915 Flaccus
1023 2851 1089 2912 aliis
1105 2852 1316 2914 elucubrandis

209 2956 281 3035 post
308 2952 475 3015 contectum
500 2951 557 3010 hoc
579 2969 655 3030 opus
677 2949 863 3027 incubuisse,
888 2971 965 3032 quae
987 2952 1192 3024 Quintilianus
1212 2975 1315 3036 respe-

210 3056 293 3118 xerit
320 3055 406 3116 uobis
431 3052 543 3132 ignota.
579 3051 649 3115 Etsi
675 3053 777 3134 potius
806 3057 870 3129 est,
897 3058 933 3115 ut
960 3057 1093 3119 taedium
1114 3059 1224 3122 laboris
1247 3059 1315 3120 sub

210 3160 346 3240 repsisse
375 3156 494 3218 librario
518 3158 654 3233 credam,
681 3176 720 3217 ne
742 3157 859 3236 reliqua
880 3156 1079 3235 describeret,
1110 3165 1164 3223 aut
1184 3161 1315 3224 codicem

210 3263 276 3324 sive
298 3260 426 3324 Gothiea
447 3259 629 3340 direptione,
660 3261 725 3322 sive
753 3261 811 3322 alio
834 3280 892 3340 quo
914 3279 985 3321 casu
1007 3263 1045 3322 ad
1067 3265 1204 3342 posteros
1225 3262 1314 3324 muti-

208 3367 304 3428 latum
329 3383 399 3425 esse
429 3362 647 3424 transmissum.
684 3364 774 3428 certe
801 3364 831 3425 in
859 3364 979 3445 septimi
1006 3367 1096 3446 atque
1123 3364 1222 3426 octavi
1246 3366 1315 3426 libri

208 3468 365 3530 Valeriani
385 3465 497 3528 ultimis
520 3467 588 3546 plus
611 3468 705 3530 multo
727 3466 903 3528 mendarum
924 3469 1061 3544 occurrit,
1082 3486 1171 3548 quam
1192 3467 1224 3528 in
1245 3468 1314 3530 reli-

145 3631 150 3638 .
209 3573 290 3652 quis:
312 3571 392 3632 unde
411 3571 450 3630 de
473 3569 632 3631 oscitantia
652 3570 764 3632 librarii
786 3588 821 3630 ac
841 3570 1020 3651 supinitate,
1040 3571 1197 3652 paullatim
1218 3573 1315 3652 magis

208 3695 245 3736 ac
268 3675 366 3754 magis
388 3671 482 3735 labori
501 3675 724 3747 succressente,
744 3670 891 3752 suspicari
912 3675 998 3736 nobis
1019 3677 1155 3738 dabatur.
1192 3675 1314 3756 Quippe

206 3797 277 3838 cum
302 3795 359 3837 nee
382 3773 510 3855 Absyrti
541 3780 685 3851 mortem,
713 3795 768 3836 nec
793 3775 859 3850 illa,
887 3794 965 3855 quas
991 3777 1176 3860 Argonautis
1205 3777 1313 3840 exinde

206 3879 361 3960 complura
381 3879 412 3940 in
433 3877 533 3939 reditu
553 3879 741 3960 obtigerunt,
767 3883 905 3955 suamet,
933 3882 1088 3944 minimum
1109 3885 1211 3956 abest,
1240 3879 1312 3960 quin

206 3981 308 4063 operis
330 3980 424 4042 totius
443 3980 578 4058 tertiam,
602 3985 740 4062 quartam
761 3985 844 4043 certe
867 3987 983 4064 partem
1005 3985 1169 4049 desiderari
1189 3969 1310 4063 opinen’

203 4121 257 4129 1—-

311 4189 337 4256 *)
356 4189 385 4239 de
402 4188 443 4256 luis
462 4188 572 4240 numeris
589 4188 697 4240 Heinsio
713 4186 846 4240 adsentior.
