3086 4968
664 424 753 466 CAPUT
773 425 806 466 11.
1206 429 1283 470 LXXV

173 597 205 658 in
226 593 379 660 Carrionis
401 593 477 654 libro
504 591 562 654 linit
589 594 678 674 iupa,
708 591 783 652 haee
812 591 1016 671 discrepantia
1041 611 1142 654 errore
1169 595 1282 660 librarii

174 701 242 762 orta
269 713 426 760 essenon
454 696 563 777 potest.
593 713 664 756 nam
690 695 782 756 etiam
801 693 853 756 III
875 697 953 771 359,
981 695 1033 757 ubi
1059 695 1136 760 vodo
1158 699 1281 764 olibrio

174 803 313 878 restitui,
338 805 410 884 iupa
440 799 520 879 quod
547 798 618 860 olim
643 798 803 876 legebatur
825 797 996 860 eonieetura
1016 800 1071 859 est.
1103 801 1160 862 boo
1180 808 1282 868 autem

174 906 239 968 loeo
265 908 339 986 iupa
367 899 493 964 eonieoit
521 900 644 980 aliquis,
681 902 733 980 qui
760 901 896 964 Hebrum
927 901 1040 962 flumen
1070 924 1139 968 eum
1164 907 1282 973 Haemo

174 1011 277 1070 monte
299 1005 508 1068 eonfundebat.
530 1039 573 1050 -
601 1004 650 1068 VI
670 1008 731 1068 735
759 1005 790 1066 in
813 1004 964 1068 Carrionie
983 1005 1059 1068 libro
1081 1011 1151 1087 post
1169 1030 1282 1094 qaoque

175 1113 214 1173 ab
232 1109 353 1172 homine
374 1108 473 1190 aliquo
492 1106 627 1184 indoeto,
659 1108 710 1189 qui
730 1127 843 1190 quoque
861 1126 915 1188 pro
937 1111 965 1170 et
985 1129 1041 1190 qao
1061 1109 1216 1176 Valerium
1237 1115 1280 1176 di-

175 1215 260 1276 xisse
290 1232 351 1274 non
377 1211 590 1290 intellegebat,
619 1213 647 1273 et
673 1212 821 1272 insertum
842 1211 904 1272 suit.
927 1245 972 1256 -
993 1211 1056 1272 VH
1080 1217 1138 1276 161
1162 1216 1282 1302 decepta

175 1317 290 1396 legitur
318 1316 350 1376 in
378 1313 533 1378 Vaticano.
572 1317 663 1396 atque
695 1332 750 1375 eur
785 1314 944 1396 deeeptam
972 1314 1111 1380 Medeam
1139 1320 1282 1384 Valerius

176 1421 311 1482 dixisset
328 1418 413 1488 sarie
437 1420 475 1482 ab
499 1417 714 1499 interpretibus
736 1417 920 1498 explicatum
941 1421 996 1480 est
1033 1419 1178 1484 Heinsius
1200 1426 1282 1488 enim

177 1521 320 1586 Oolohida
342 1521 497 1602 deeeptam
518 1539 587 1581 esse
609 1522 742 1600 putabet,
763 1540 839 1603 quae
859 1541 893 1582 se
904 1521 1018 1584 frustra
1030 1523 1172 1605 impulsui
1186 1531 1281 1592 numi·

175 1646 249 1688 num
270 1645 394 1688 suorum
415 1624 610 1698 eredidisset,
631 1622 703 1684 Pius
724 1627 756 1686 et
775 1623 925 1686 Maserius
946 1626 1017 1706 quia
1029 1628 1176 1692 Iunonem
1193 1630 1281 1696 Chal·

176 1729 282 1810 oiopen
317 1747 378 1790 non
407 1747 476 1788 esse
506 1727 767 1808 deprehendisset,
795 1727 986 1790 Burmannus
1017 1731 1160 1813 denique,
1191 1756 1281 1816 quem

175 1833 354 1912 Wagnerus
376 1833 498 1892 seeutus
523 1833 585 1906 est,
617 1831 687 1911 quia
708 1832 778 1891 voto
808 1849 862 1892 suo
891 1849 952 1892 non
978 1832 1073 1912 potita
1102 1838 1140 1898 de
1162 1841 1281 1902 Iasonis

175 1955 277 1998 amore
299 1937 500 2016 desperasset.
536 1934 611 1994 haee
626 1933 791 1994 Burmanni
811 1934 963 1996 sententia
982 1937 1098 2000 dnobus
1111 1940 1200 2004 huius
1212 1945 1281 2006 libri

174 2039 250 2101 loeis
272 2051 457 2118 magnopere
476 2037 718 2100 oommendatur:
739 2053 790 2100 vv.
808 2041 868 2098 101
894 2056 956 2118 sqq.
978 2041 1029 2102 ubi
1051 2042 1142 2104 Iason
1163 2044 1282 2110 Aeeten

176 2145 211 2204 et
226 2141 367 2204 Medeam
393 2140 479 2202 iratis
509 2141 609 2202 verbis
638 2140 781 2202 attonitos
811 2139 937 2218 liquisse
968 2146 999 2205 et
1028 2145 1065 2206 ab
1091 2147 1183 2210 infida
1211 2152 1281 2214 aula

174 2245 352 2326 prorupisse
373 2245 514 2306 narratur
534 2245 566 2306 et
586 2231 635 2304 'va
661 2247 723 2305 129
745 2263 825 2324 sqq,
851 2243 903 2304 ubi
924 2241 1034 2308 Medea
1053 2248 1193 2314 Iasenem
1213 2253 1281 2318 Ool-

175 2349 264 2412 abida
293 2349 353 2409 iam
382 2347 540 2427 reliquisse
576 2347 754 2429 suspioatur.
793 2345 824 2406 in
858 2347 959 2408 eodios
989 2347 1139 2414 (terrionis
1156 2354 1281 2433 furiata

174 2451 345 2530 legebatur,
365 2451 485 2532 quodsi
504 2470 560 2532 per
575 2469 608 2511 se
624 2452 744 2531 speotes
755 2450 865 2510 bonum
884 2453 941 2526 est,
954 2453 986 2512 at
999 2455 1107 2517 merito
1121 2458 1281 2538 explosrun

176 2557 216 2618 ab
236 2555 379 2633 Heinsio,
402 2573 470 2616 oum
489 2552 597 2628 furias,
621 2556 656 2614 ut
676 2553 772 2634 ipsius
793 2554 894 2614 verbis
914 2556 999 2632 utar,
1022 2557 1080 2622 hoe
1100 2560 1166 2641 ipso
1188 2583 1282 2626 versu

174 2658 237 2720 iam
249 2657 390 2720 Valerius
406 2657 546 2718 dedisset
561 2691 605 2702 -
624 2655 688 2718 VII
701 2658 764 2716 179
783 2655 928 2736 turiferae
942 2659 1081 2723 Vatioani
1102 2665 1282 2746 scripturam

174 2781 239 2822 non
261 2763 308 2822 eet
327 2779 382 2823 eur
400 2761 504 2822 multia
527 2759 692 2820 defendam.
725 2759 760 2820 ef.
780 2758 939 2820 Heinsium
960 2762 998 2822 ad
1013 2761 1099 2827 ovid.
1114 2768 1200 2848 epist
1215 2769 1282 2831 XX

176 2869 260 2939 192,
281 2863 449 2926 Prellerum
470 2863 592 2944 mythol
614 2882 659 2941 gr.
678 2861 696 2922 I
713 2881 740 2942 p.
766 2866 837 2924 230.
871 2863 1007 2943 tetsferae
1028 2869 1129 2928 autern
1151 2871 1230 2949 quod
1250 2871 1282 2933 in

174 2967 278 3029 oodiee
302 2985 357 3028 suo
378 2967 441 3046 legi
457 2959 559 3029 Carrio
581 2965 741 3026 affirmavit
755 2965 908 3030 solendum
930 2971 978 3030 est
995 2971 1196 3034 eonieoturam
1212 2993 1281 3038 esse

175 3071 259 3147 eius,
285 3071 336 3151 qui
357 3069 471 3132 Dianae
491 3070 611 3150 eagIttis
632 3067 773 3130 mulieres
796 3070 828 3128 et
851 3069 968 3149 puellas
986 3071 1113 3134 interliei
1137 3077 1283 3140 creditum

176 3193 247 3234 asse
267 3193 307 3234 ex
328 3173 453 3235 Homeri
478 3173 658 3234 carminibus
687 3171 794 3247 sciret,
821 3174 952 3235 neseiret
972 3175 1196 3256 inexpectatam
1216 3182 1281 3241 tan-

176 3279 296 3338 tumet
322 3274 450 3338 celerem
477 3278 605 3338 mortem
628 3295 646 3337 a
672 3276 730 3336 dea
751 3275 804 3337 illa
823 3275 959 3338 effaetam
979 3280 1115 3358 putatam
1136 3300 1220 3356 esse,
1247 3287 1284 3348 ut

176 3378 352 3460 simpliciter
373 3377 492 3456 lebfera
513 3378 571 3438 diei
591 3378 646 3438 uix
663 3378 766 3459 possit.
788 3413 830 3424 --
851 3377 916 3441 VH
938 3382 997 3442 341
1024 3399 1208 3463 magnopere
1231 3383 1283 3445 do·

175 3482 301 3543 lendum
323 3485 372 3544 est
401 3483 481 3561 qnod
501 3481 640 3543 Vaticani
667 3482 845 3544 auotoritate
868 3501 1012 3546 oaremus.
1050 3485 1105 3546 sed
1127 3503 1194 3548 oum
1217 3509 1284 3552 era

176 3585 255 3648 delo
276 3585 467 3646 Monacensis
496 3584 656 3659 exhibeat,
685 3585 765 3646 idem
795 3586 888 3646 finisse
910 3585 942 3645 in
965 3585 1112 3650 Vaticano
1137 3590 1169 3651 in
1194 3592 1284 3673 pleno

176 3689 285 3750 horum
306 3689 441 3750 eodioum
464 3705 614 3748 eonsensu
634 3687 689 3748 vix
708 3691 756 3749 est
779 3688 858 3769 quod
883 3687 1044 3752 dubitetur.
1077 3693 1109 3754 in
1131 3693 1284 3758 Carrionis

175 3793 254 3852 libro
286 3792 342 3854 fuit
358 3793 548 3874 primaevae,
578 3790 656 3870 qnod
685 3792 717 3852 in
738 3792 885 3854 Vaticano
911 3793 994 3854 1653
1025 3814 1142 3874 quoque
1163 3798 1281 3876 legitur.

177 3913 256 3976 quae
280 3896 430 3976 seriptura
452 3911 520 3956 eum
546 3893 721 3972 longissime
743 3896 832 3956 abeat
860 3893 1086 3958 aMonaoensis
1110 3899 1283 3964 testimonio

177 4001 234 4060 aut
261 3999 329 4079 ipsa
350 3999 399 4060 est
427 3997 598 4058 eonieetura
625 4001 678 4060 aut
699 3997 890 4060 Monacensis
916 3999 972 4061 hoe
995 3999 1060 4062 loeo
1083 4001 1282 4082 interpolatus

178 4107 235 4166 est
272 4107 363 4183 atque
389 4101 470 4162 haud
495 4101 584 4181 pauoi
611 4101 741 4162 editores
766 4100 939 4164 Carrionem
967 4103 1062 4164 seouti
1089 4107 1166 4164 sunt
1202 4105 1282 4184 quod

177 4205 291 4268 nollem
321 4205 441 4267 fautum.
476 4203 547 4265 vide
576 4203 655 4264 enim
688 4221 777 4285 quam
808 4223 868 4266 non
894 4205 933 4266 sit
957 4206 1058 4285 aptum
1086 4207 1125 4268 ed
1151 4207 1282 4270 animum

177 4307 306 4370 Medeae
340 4306 602 4370 vehementissime
635 4306 815 4368 concitatum
846 4306 925 4386 quod
949 4306 1089 4368 iasonem
1117 4310 1283 4391 periturum
