3072 4974
699 431 721 470 C.
737 429 843 470 vanam
858 429 956 470 mem

359 582 410 644 ille
431 581 511 658 diea3
535 581 645 644 obnixa
667 581 765 644 virum
787 581 830 644 aie
852 580 1015 643 comminus
1037 582 1142 644 haeret

359 703 479 767 pugna,
500 704 556 746 666
576 687 696 766 arrepto
718 686 790 748 uelli
810 687 848 747 de
869 703 993 766 eorpore
1015 687 1151 766 possunt.

359 791 395 850 ut
414 775 499 849 bouis
520 787 647 848 exuviae
667 789 761 850 multo
782 788 832 870 qni
853 789 967 868 trangit
989 787 1067 850 olivo
1172 841 1175 850 ,

359 892 413 952 dat
432 889 567 968 famulis,
589 890 717 954 tendunt
739 892 782 953 illi
804 895 962 972 tractuque
984 890 1115 956 vicissim

358 997 465 1056 taurea
485 993 574 1073 terga
594 993 730 1073 domant,
752 994 858 1075 pingui
876 994 944 1056 fluit
962 994 1095 1073 unguine
1118 997 1225 1072 tellum
1313 999 1379 1058 360

359 1096 429 1158 talis
447 1095 598 1175 utrimque
619 1098 718 1173 labos,
741 1099 919 1178 raptataque
941 1096 1035 1158 limite
1056 1097 1088 1158 in
1109 1101 1175 1161 arto

358 1202 493 1263 membra
513 1200 571 1262 viri
591 1199 763 1262 miseranda
783 1203 893 1262 meant.
936 1199 968 1260 hi
987 1200 1113 1262 tendere
1135 1203 1248 1278 66666,

359 1304 390 1365 hi
412 1305 528 1378 666166,
549 1303 743 1383 alternaeque
763 1303 862 1364 uirum
880 1322 941 1364 non
962 1303 1069 1383 tedere
1092 1303 1234 1364 flexuae:

361 1406 429 1468 hine
449 1405 580 1466 medium
601 1403 745 1465 Telamon
767 1403 915 1468 Canthum
936 1403 1031 1485 rapit,
1052 1405 1121 1468 hino
1140 1407 1225 1468 tenet
1245 1404 1356 1468 ardens

359 1509 436 1571 oolla
455 1505 513 1568 viri
535 1509 566 1567 et
586 1507 692 1569 molles
714 1509 821 1588 galeae
843 1505 1001 1570 Gerander
1021 1509 1163 1589 habenae,
1312 1513 1379 1570 366

358 1611 491 1674 insonuit
510 1627 586 1690 quae
607 1609 694 1690 lapsa
717 1612 780 1672 6616
803 1612 999 1692 dextramque
1017 1611 1131 1675 fefellit.

346 1717 410 1806 ,ille
431 1715 541 1778 iterum
562 1713 595 1774 in
615 1713 702 1794 olipei
726 1714 928 1796 septemplicia
948 1715 1103 1795 improbus
1123 1717 1226 1778 orbem

359 1818 468 1881 arietat
489 1821 522 1880 et
544 1815 693 1880 Canthum
712 1817 847 1898 sequitur
869 1817 1077 1898 Canthumque
1100 1819 1238 1900 reposuit,

359 1943 449 2006 quem
468 1939 576 1984 manus
598 1939 617 1981 a
638 1923 725 2000 tergo
747 1920 859 1982 aooium
879 1921 960 2002 rapit
979 1921 1078 2000 adque
1099 1924 1255 2002 reooptum

359 2025 486 2107 virginis
507 2023 646 2086 Euriales
665 2041 755 2084 ourru
777 2023 863 2085 looat
906 2025 1028 2086 advolat
1048 2026 1116 2106 ipsa
1172 2069 1175 2076 .
1312 2029 1378 2087 370

360 2149 396 2192 ao
417 2129 505 2191 simul
525 2125 745 2203 Haemonidae,
767 2121 1015 2206 Gesandrumque
1038 2127 1135 2189 omnia
1157 2129 1188 2190 in
1210 2147 1302 2200 unum

359 2234 384 2296 it
403 2251 519 2293 manus.
562 2229 613 2291 ille
632 2247 727 2291 novae
747 2228 827 2290 acies
849 2231 881 2291 et
902 2229 1031 2310 virginis
1054 2250 1139 2294 arma

356 2339 392 2399 nt
408 2335 506 2413 videt,
521 2326 591 2396 ‘has
609 2333 701 2395 otiam
722 2334 825 2393 eontra
845 2327 1055 2394 bellabimuo?’
1077 2333 1188 2416 iuquit;

352 2433 424 2501 ‘heu
442 2428 565 2520 pudort'
587 2435 658 2497 inde
678 2435 783 2514 Lyoen
805 2434 874 2496 ferit
896 2435 935 2496 ad
956 2434 1071 2496 ooniine
1092 2440 1232 2519 papillae,

357 2541 428 2606 inde
443 2539 561 2618 Thoen,
585 2557 644 2619 qua
665 2538 750 2618 pelta
770 2541 874 2613 vaeat;
897 2538 1015 2618 iamque
1035 2538 1099 2600 ibat
1118 2540 1151 2626 in
1163 2541 1288 2623 Harpen
1312 2545 1375 2604 375

357 2644 484 2707 vixdum
505 2641 602 2723 prima
622 2641 683 2702 levi
706 2640 864 2702 dueentem
885 2659 998 2704 oornua
1019 2661 1122 2721 nervo,

358 2750 391 2810 et
409 2745 538 2810 labentis
561 2742 629 2825 equi
649 2742 822 2804 tendentem
842 2745 927 2807 trena
947 2743 1126 2826 Menippen:

356 2869 425 2912 eum
444 2848 550 2928 regina
572 2865 698 2927 gravem
719 2847 806 2909 nodie
829 2867 961 2930 auroque
984 2868 1120 2912 securem

340 3111 389 3159 356
408 3107 516 3157 heretV
584 3110 632 3156 367
653 3105 732 3156 netV
798 3107 900 3169 arrepto
915 3114 951 3171 tp:
969 3106 1120 3169 arreptoaV
1186 3104 1245 3156 velli
1260 3114 1294 3171 tp:
1312 3103 1375 3154 belli

274 3195 305 3254 V,
324 3191 386 3258 pelli
403 3191 561 3242 6666666666
645 3195 694 3242 668
714 3192 743 3239 ut
760 3187 833 3239 bovis
852 3199 905 3252 ipo:
923 3191 959 3240 Et
975 3189 1049 3240 uobis
1070 3191 1096 3242 V
1178 3189 1294 3255 frangere
1311 3191 1372 3238 ΑΜ.

265 3279 386 3340 probante
399 3277 504 3326 Heinsio
575 3281 624 3327 366
641 3274 752 3340 unguine
768 3283 804 3339 tp:
820 3273 925 3338 inguine
937 3277 962 3326 V
1028 3281 1077 3326 366
1094 3275 1145 3326 Hic
1155 3277 1181 3326 V
1195 3274 1219 3341 (6
1234 3283 1292 3338 poet
1309 3277 1375 3324 dele·

268 3361 331 3428 tum)
400 3361 543 3429 alterneque
567 3365 593 3414 V
668 3367 718 3412 366
735 3359 801 3409 66116
817 3359 867 3410 uiri
886 3366 911 3409 et
927 3377 1006 3412 nexus
1023 3363 1111 3427 galeae
1130 3359 1259 3410 Gesander
1277 3357 1374 3408 ahenea

267 3449 305 3496 vel
322 3463 343 3496 6.
360 3461 386 3496 v.
404 3451 478 3512 atque
495 3461 580 3498 eomas
598 3461 622 3510 g.
640 3446 669 3495 G.
689 3448 782 3496 ahenae
800 3447 989 3496 Ftteeenaanua
1007 3451 1023 3498 1.
1045 3451 1061 3497 l.
1077 3463 1105 3508 p.
1122 3451 1169 3496 111
1240 3448 1289 3494 666
1309 3458 1374 3507 6666

269 3543 306 3598 p:
326 3533 411 3596 queV
476 3537 526 3583 367
547 3532 667 3600 elypeiV
733 3537 782 3582 368
801 3531 900 3582 Arietat
915 3537 940 3583 et
951 3535 983 3584 Μ
987 3548 997 3584 .·
1016 3532 1165 3583 ArietateV
1231 3529 1373 3595 insequitur

268 3617 389 3665 Heinsius
458 3620 507 3667 371
527 3615 675 3666 haemonide
699 3618 724 3667 V
796 3622 845 3668 372
865 3617 900 3667 Et
918 3633 1006 3670 manus
1024 3619 1057 3668 Μ
1129 3618 1179 3668 373
1199 3617 1276 3666 hasne
1295 3615 1373 3666 etiam

266 3757 388 3807 Hannon
480 3753 628 3806 bellabimua
646 3756 742 3804 ortus.-
769 3745 920 3804 bellauimus
942 3742 995 3824 Vp'
1093 3701 1237 3805 ttdltrben
1260 3755 1285 3806 V

265 3845 316 3894 376
335 3837 447 3892 Vixdum
465 3840 511 3889 M:
531 3836 635 3887 Vixtum
655 3839 680 3888 V
746 3837 888 3888 ductantem
905 3841 965 3890 Ata.
1053 3844 1103 3891 377
1123 3842 1149 3890 et
1163 3838 1270 3889 labantia
1289 3839 1372 3888 Hete-

264 3928 334 3976 eitn:
364 3923 504 3974 Inlabemie
527 3925 556 3982 V,
591 3920 722 3971 Illabentis
741 3925 773 3983 0,
804 3923 831 3972 in
849 3924 956 3977 labantia
975 3928 1053 3988 11666,
1082 3925 1159 3990 inque
1180 3922 1289 3974 labantia
1307 3926 1368 3974 Ata.

257 4013 380 4074 prodente
395 4011 481 4062 Vareia
549 4005 687 4072 Menippen
704 4009 855 4058 laurentiae
869 4012 979 4062 Balteo:
998 4011 1127 4078 enhippen
1136 4012 1167 4070 V,
1188 4014 1214 4060 et
1230 4008 1371 4075 Henippen

262 4097 297 4158 6,
315 4093 434 4160 lleippau
451 4102 491 4161 ψ,
508 4092 648 4157 Euhippen
669 4093 778 4144 Venatus.
804 4096 926 4144 Heinsius
937 4105 1039 4159 praetor
1057 4098 1124 4145 111666
1142 4109 1213 4156 quam
1229 4095 1310 4156 mopt
1324 4095 1370 4144 tu

256 4182 364 4244 protudit
387 4182 538 4229 6661666666
561 4177 623 4227 lndo
646 4176 754 4228 albentia
785 4179 843 4244 equi
863 4181 1006 4232 tendentem
1032 4181 1060 4230 16
1082 4180 1155 4230 dena
1171 4179 1311 4245 Menippen
1330 4181 1371 4230 667

261 4264 331 4316 Hine
347 4263 461 4316 flaventia
475 4265 535 4330 equi
552 4263 693 4316 tendentem
714 4265 741 4315 in
759 4264 831 4316 lrena
847 4265 986 4338 Menippea
1079 4269 1131 4315 376
1148 4263 1271 4329 auroque]
1291 4267 1370 4328 atque

258 4362 316 4398 aare
333 4351 454 4399 Heinsius
