3110 4972
689 433 713 475 0.
727 433 834 476 venunt
846 433 945 475 mccl

352 587 431 648 ferre
453 589 549 648 ratem
571 585 740 666 pelagoque
761 586 826 648 dies
846 583 1002 649 occurrere
1025 589 1138 667 aperto.
1232 641 1235 650 ,

353 689 409 749 sed
429 705 529 768 neque
549 687 705 770 permissis
727 690 787 751 iam
806 690 931 751 fundere
952 692 1052 752 rector
1070 689 1196 752 habenis

352 791 436 870 vela,
456 809 513 852 nec
533 790 606 852 eniti
623 791 715 852 remis
737 795 823 873 pote:
845 812 915 854 cum
936 813 1029 874 super
1049 793 1162 855 adsunt
1306 797 1372 856 680

352 893 510 977 Cyanea03
531 893 641 976 premit
662 897 769 957 umbra
788 899 885 958 ratem
908 898 1082 977 scopulique
1101 899 1239 959 feruntur

351 999 524 1062 comminus.
566 997 616 1060 hic
634 997 712 1061 Iunc
732 1017 936 1080 praecepsque
958 1020 998 1061 ex
1016 999 1139 1062 aethere
1160 1000 1261 1062 Pallas

350 1102 486 1164 insiliunt
503 1101 616 1184 pariter
638 1103 791 1183 scopulos:
812 1102 891 1163 hunc
911 1105 984 1164 nata
1004 1107 1130 1180 coercet,

350 1207 430 1268 hunc
448 1207 579 1268 coniunx
598 1203 698 1279 Iovis3
721 1208 757 1266 ut
775 1205 874 1267 valido
894 1206 946 1285 qui
965 1207 1072 1268 robore
1092 1208 1195 1268 tauros

352 1313 409 1373 sub
430 1311 504 1390 iuga
526 1312 558 1371 et
578 1308 672 1370 invito
695 1308 854 1387 detorquet
875 1308 907 1369 in
927 1308 979 1369 ilia
999 1327 1100 1370 comm
1305 1315 1368 1375 685

351 1414 436 1493 inde,
458 1415 545 1476 velut
564 1411 676 1472 mixtas
698 1409 862 1472 Vulcanius
883 1412 973 1473 ardor
992 1411 1097 1474 ahenis

351 1520 456 1579 verset
475 1533 585 1596 aquas,
608 1515 651 1577 sic
671 1515 732 1576 ima
751 1516 897 1592 fremunt,
917 1515 1070 1601 fluctuque
1091 1519 1193 1578 coacto

352 1620 476 1701 angitur
496 1622 529 1681 et
551 1620 686 1681 clausum
707 1619 846 1701 scopulos
868 1637 960 1698 super
980 1618 1076 1684 effluit
1096 1637 1215 1701 aequor.
1286 1677 1293 1688 ,

351 1727 455 1788 contre
474 1741 578 1786 omnes
596 1721 706 1784 validis
725 1723 809 1784 tenui
830 1721 999 1784 discrimine
1019 1721 1110 1783 remis

349 1845 480 1910 pergere
502 1827 561 1888 iter
581 1826 756 1906 mediosque
777 1828 874 1887 ratem
894 1826 1057 1887 transferre
1077 1847 1133 1908 per
1153 1828 1246 1903 ictus;
1303 1833 1367 1892 690

350 1950 426 1994 sexa
448 1931 502 1992 sed
523 1930 667 1991 extremis
687 1932 789 1991 tamen
810 1929 986 2011 increpuere
1005 1931 1165 2012 corymbis,

348 2055 479 2120 parsque
503 2035 611 2113 (nefas)
635 2033 784 2114 deprensa
802 2032 897 2110 iugis3
920 2052 991 2094 nam
1012 2037 1113 2097 cetera
1131 2036 1213 2098 caelo

348 2139 457 2201 debita.
501 2137 686 2200 conclamant
705 2137 845 2219 Minyae,
864 2139 962 2200 latera
980 2140 1108 2219 utraque
1127 2121 1235 2220 quippe

347 2241 514 2304 dissiluisse
531 2243 648 2322 putant.
691 2241 771 2320 fugit
790 2241 856 2322 ipse
874 2241 1055 2303 novissimus
1070 2242 1148 2304 ictus

347 2344 464 2426 Tiphys
482 2348 514 2406 et
534 2363 552 2406 e
574 2342 680 2404 mediis
702 2343 837 2424 sequitur
855 2345 933 2407 freta
953 2348 1040 2427 rapta
1059 2346 1169 2419 ruinis;
1301 2351 1362 2410 696

346 2467 404 2510 neo
423 2448 507 2529 prius
527 2449 685 2528 obsessum
704 2449 833 2528 scopulis
854 2451 990 2530 respexit
1011 2452 1050 2512 ad
1070 2469 1190 2529 aequor,

347 2553 402 2613 aut
423 2551 511 2613 sociis
532 2553 681 2632 temptata
701 2551 802 2632 quies,
826 2554 978 2632 nigrantia
999 2574 1088 2635 quam
1109 2555 1168 2616 ism

345 2655 434 2718 litora
454 2653 666 2736 longinquique
687 2653 806 2717 exirent
826 2657 949 2719 flumina
970 2657 1102 2720 Rhebae.

344 2763 418 2820 tuno
436 2760 534 2820 fessas
553 2775 682 2839 posuere
704 2775 827 2834 manus,
850 2763 923 2821 tuno
944 2761 1027 2823 arida
1047 2760 1146 2822 anheli

345 2864 480 2943 pectore;
503 2861 641 2923 discusse
661 2859 765 2941 quales
787 2862 943 2924 formidine
965 2862 1081 2924 Auerni
1300 2869 1362 2926 700

343 2965 465 3027 Alcides
488 2963 684 3042 Theseusque
708 2981 808 3026 comes
830 2965 974 3046 pallentia
993 2964 1124 3044 iungunt

344 3069 463 3144 oscula,
484 3067 537 3129 vix
559 3066 670 3147 primas
694 3066 825 3146 amplexi
846 3065 966 3132 luminis
989 3086 1065 3129 ores.

409 3213 474 3277 Nec
493 3235 566 3278 vero
588 3215 654 3297 ipse
675 3218 775 3276 metus
798 3233 944 3296 curasque
964 3217 1116 3278 resolvere
1139 3217 1253 3293 ductor,

341 3320 396 3382 sed
416 3319 511 3382 maria
530 3321 690 3401 aspectans
706 3310 778 3378 ‘heu
802 3319 851 3398 qui
873 3319 963 3380 datus
984 3320 1042 3382 iste
1062 3322 1187 3384 deorum

299 3666 302 3672 ,
358 3611 407 3659 679
427 3603 529 3657 laudere
548 3607 590 3666 Μ,
619 3601 770 3670 panderem
889 3607 939 3654 680
958 3605 1017 3668 pets
1032 3605 1067 3654 Μ
1184 3611 1234 3658 681
1252 3608 1363 3673 praemit

257 3747 282 3798 V
367 3747 416 3796 689
435 3743 499 3794 Iuno
519 3751 634 3810 quom.
658 3743 684 3793 V
772 3699 933 3792 dslconirih
955 3741 981 3792 V
1064 3745 1115 3794 666
1130 3741 1201 3804 sorte
1217 3743 1365 3797 invitum'

252 3831 279 3882 in
296 3827 375 3882 illanc
397 3843 446 3878 non
470 3829 551 3877 nullos
577 3828 706 3888 empsisse
728 3826 791 3876 Pius
814 3827 885 3875 testis
909 3833 953 3876 est.
990 3825 1017 3875 in
1040 3825 1096 3878 evin
1113 3830 1150 3877 ool
1167 3827 1259 3878 herilia
1278 3833 1361 3884 Hein-

250 3921 304 3968 sius
369 3919 419 3967 686
434 3909 660 3966 mixtas-uhonis
673 3911 807 3960 Heinsius:
824 3910 1058 3964 mixtis-herenis
1069 3913 1117 3972 Vc,
1136 3912 1359 3968 mixtis-ahenis

250 4003 383 4056 Sabellicus
476 4003 527 4049 667
546 3995 615 4046 unda
633 3993 718 4045 lremit
734 3997 794 4046 Ata.
888 3999 938 4046 688
958 3997 1095 4062 scopuloc
1170 3999 1259 4063 effugit
1277 4003 1359 4053 Hein-

251 4092 303 4140 ss‘ur
406 4089 456 4138 690
474 4083 540 4133 ictos
562 4081 588 4134 V
708 4085 760 4131 694
775 4079 909 4131 Disiluisse
932 4083 958 4132 V
1072 4089 1122 4136 696
1141 4083 1239 4152 Typhis
1266 4087 1293 4136 V

249 4189 326 4226 eom.
346 4172 393 4234 Μ,
411 4176 450 4222 ‘sn
467 4186 491 4220 m
595 4147 645 4217 696
664 4156 799 4232 longinqui
818 4179 879 4230 quus
904 4164 930 4217 V
994 4168 1096 4222 Rhches
1114 4173 1192 4224 Bona
1209 4171 1303 4234 phoebi
1327 4175 1358 4237 V,

248 4257 332 4310 Bhsbi
348 4257 444 4316 Md,
463 4253 541 4306 Rhesi
564 4254 673 4305 Vossius.
701 4249 734 4312 qf.
755 4252 822 4300 Plio.
844 4258 896 4301 nat.
917 4251 975 4301 list.
996 4249 1065 4302 VIe
1149 4259 1196 4305 702
1214 4256 1309 4321 primus
1323 4285 1358 4298 -·-

248 4355 307 4393 cras
330 4350 364 4409 ψι
383 4340 471 4406 primis
484 4337 579 4388 —or'is
603 4338 646 4390 Vc
749 4340 798 4386 704
820 4333 905 4399 quise
