3086 4968
252 439 333 484 mn
679 442 914 484 rnonneomon

255 608 354 671 estin
375 609 523 672 Vaticano
530 655 538 686 ,
571 612 651 690 qued
678 610 786 673 vitium
812 610 910 692 prime
936 629 1045 672 versus
1074 609 1176 670 littere
1198 629 1219 671 e
1240 611 1365 672 librario.

256 711 433 792 neglegenti
460 713 570 775 omissa
592 717 732 775 exortum
757 733 827 776 esse
849 714 927 788 dixi;
954 713 1091 776 Recens
1118 712 1197 774 enim
1218 713 1361 776 Valerius

258 814 387 896 scripsit.
422 816 454 878 in
477 815 628 880 Carrionie
650 818 751 880 codiee
771 818 884 898 legitur
904 819 1052 891 metatus,
1076 817 1155 896 quod
1175 835 1194 876 e
1212 819 1363 878 sententie

257 917 393 1000 ineptum
417 917 506 997 est*)
528 923 561 982 et
582 921 736 984 eCrcetue
759 920 928 982 coniciendo
951 918 1095 980 effectum
1127 921 1261 980 ceterum
1282 921 1363 1000 qued

257 1019 290 1082 in
310 1039 403 1084 versu
424 1023 486 1086 355
509 1023 657 1088 caecum
678 1044 695 1084 e
714 1023 831 1086 Barthii
852 1023 1022 1085 coniectura
1044 1022 1114 1083 dedi
1134 1042 1189 1102 pro
1215 1028 1363 1086 carentem

259 1120 416 1186 Claudiani
443 1143 534 1218 versu
563 1125 683 1188 lendeto
713 1127 788 1188 satis
815 1126 971 1188 defensum
996 1145 1065 1186 esse
1087 1125 1255 1207 opiner.e
1237 1129 1364 1190 etlcsdt

258 1245 287 1288 v.
303 1227 365 1290 356
383 1245 472 1308 quem
483 1247 555 1290 vers
567 1227 711 1290 Heinsius
728 1234 792 1291 rest
780 1229 935 1291 titueritu
936 1228 1165 1307 tintellegetur‚
1186 1229 1285 1292 Caroli
1296 1231 1363 1291 Fri·

258 1327 351 1392 derici
363 1329 529 1392 Hermenni
542 1331 652 1412 antiqu
667 1351 710 1411 gr.
722 1331 772 1394 Πι
788 1333 808 1411 ξ
824 1336 863 1412 32
880 1333 951 1393 cons
948 1351 1008 1393 eru
999 1332 1115 1393 iubeo.
1125 1365 1169 1376 --
1183 1331 1217 1392 Π
1229 1337 1291 1395 283
1304 1354 1363 1396 con

252 1436 371 1516 petrice
383 1433 483 1514 fuetc's
505 1433 659 1496 accendere
675 1435 770 1497 celtus
786 1434 926 1496 Vaticani
938 1434 1081 1495 memorie
1096 1438 1150 1495 est.
1181 1437 1363 1498 accendendi

258 1536 351 1598 verbo
372 1536 402 1598 in
423 1539 479 1598 hoc
500 1554 593 1597 versu
611 1537 708 1598 locum
731 1557 790 1599 non
815 1557 892 1616 esse,
918 1536 979 1599 iam
1001 1537 1072 1599 Itali
1093 1537 1309 1600 intellexerunt
1331 1543 1363 1602 et

258 1638 395 1703 accedere
422 1639 588 1702 ediderunt.
622 1640 675 1702 elit
663 1643 709 1702 ter
738 1642 834 1702 sensit
861 1641 887 1701 is
918 1641 1003 1702 euius
1031 1641 1217 1704 coniecturas
1246 1643 1362 1706 Carrio-

259 1741 306 1804 nis
327 1742 403 1804 liber
424 1745 645 1825 repraesentet,
676 1744 726 1824 qui
755 1744 909 1806 accendere
938 1763 998 1805 nou
1028 1745 1081 1805 tet'
1041 1744 1144 1823 ergit,
1115 1746 1228 1806 tsed
1249 1751 1302 1829 pet
1301 1750 1364 1810 rice

255 1843 352 1924 furtis
375 1867 426 1908 mu
428 1848 504 1910 tevit
528 1847 560 1908 in
577 1851 690 1930 patries
711 1850 811 1912 buttes.
852 1847 932 1928 quod
954 1845 1024 1927 quid
1046 1846 1103 1908 sibi
1122 1849 1198 1911 uelit
1184 1849 1362 1912 tHeinsius

260 1965 293 2010 se
323 1967 383 2012 nen
408 1950 585 2029 intellegere
613 1950 688 2010 fett
644 1952 673 2010 te
675 1952 741 2025 tur;
776 1951 831 2012 sed
857 1953 910 2012 eut
937 1950 1024 2011 fallor
1051 1955 1105 2013 aut
1126 1957 1183 2034 put
1183 1955 1241 2016 ιιιι
1269 1956 1364 2019 uene

258 2053 346 2116 tertio
372 2073 444 2116 casu
470 2053 582 2115 dietum
608 2053 705 2114 veluit
725 2052 920 2115 Aristarchus
944 2053 1009 2130 ille,
1035 2055 1071 2114 ut
1092 2055 1166 2118 haec
1188 2059 1272 2118 esset
1295 2077 1363 2120 sen-

258 2155 365 2218 tentie:
387 2155 568 2238 'Hypsipyle
590 2175 650 2218 non
672 2157 764 2218 audet
787 2157 882 2218 saltus
906 2156 1086 2233 accendere,
1107 2161 1142 2219 ιιι
1160 2159 1256 2240 putris
1277 2161 1363 2241 quasi

258 2258 348 2322 busta
369 2260 449 2324 flent.
484 2265 618 2323 ceterum
640 2261 745 2336 saltus,
767 2261 798 2320 in
821 2261 927 2342 quibus
947 2262 1063 2340 petrem
1083 2261 1257 2344 Hypsipyle
1280 2265 1363 2326 abdi-

258 2359 362 2439 derat,
389 2365 503 2446 petrice
529 2363 599 2423 inde
627 2381 734 2443 perum
753 2363 823 2443 epte
845 2363 939 2424 dietus
966 2381 1034 2422 esse
1060 2382 1120 2424 non
1145 2386 1240 2446 neg0;
1261 2367 1364 2446 furtis

257 2478 361 2526 contre
383 2485 454 2528 num
475 2466 627 2544 integrum
647 2467 730 2526 esset
743 2465 887 2529 Heinsius
909 2485 969 2527 uon
990 2466 1094 2527 debuit
1114 2470 1259 2532 dubitare.
1293 2491 1364 2533 nam

256 2567 366 2648 plurali
387 2589 512 2630 numero
529 2569 671 2631 Valerius
696 2589 770 2629 usus
794 2571 841 2629 est
842 2569 952 2649 ,quod
976 2569 1097 2649 saepius
1116 2573 1155 2633 ed
1177 2573 1274 2634 saltus
1294 2574 1362 2634 illes

255 2667 427 2752 Hypsipyle
467 2671 709 2732 secedebat-
741 2671 810 2732 ΠΙ
826 2675 886 2733 732
922 2667 1074 2734 Carrionis
1108 2677 1257 2757 scripture
1288 2679 1364 2740 haee

257 2775 319 2834 est:
333 2771 467 2854 flemina
490 2775 689 2838 coute'·cuerc
673 2777 750 2836 eccct
769 2794 832 2835 seue
845 2771 977 2854 fletebus
992 2795 1109 2856 aequor,
1131 2799 1221 2860 quam
1231 2780 1362 2844 Vossius

256 2877 288 2937 et
308 2875 453 2941 Heinsius
474 2881 558 2940 recte
577 2876 828 2958 repudiaverunt,
855 2897 894 2938 ne
916 2878 962 2938 bis
986 2879 1066 2940 idem
1087 2883 1244 2945 diceretur.
1282 2886 1362 2967 ipso-

255 2999 322 3040 rum
344 2981 514 3044 coniectura
533 2983 611 3043 iacet
630 2982 693 3042 seire
705 2978 856 3060 fluctibus
876 2999 986 3062 aequor
1008 2985 1132 3062 probem
1155 2988 1274 3067 quidem
1294 3009 1362 3050 sen-

257 3085 384 3146 tentium
406 3083 501 3160 offert,
524 3083 579 3144 sed
599 3082 687 3144 nimis
709 3081 800 3162 longe
820 3083 935 3144 recedit
955 3103 974 3144 e
994 3085 1104 3148 litteris
1125 3089 1281 3168 Vaticani,
1311 3093 1362 3173 qui

257 3188 380 3250 exhibet
401 3191 478 3254 iacet
498 3209 565 3252 cum
576 3185 715 3268 flentcs.
751 3188 923 3267 corruptum
940 3185 971 3246 id
992 3206 1061 3247 esse
1076 3197 1214 3270 apertum
1227 3197 1284 3271 est,
1307 3197 1362 3256 sed

256 3309 316 3352 non
343 3292 441 3354 minus
469 3296 625 3374 apertum,
652 3289 858 3351 Burmannum
887 3287 1003 3351 Valerii
1031 3310 1153 3356 manum
1180 3299 1361 3377 restituisse,

256 3413 324 3456 eum
345 3414 406 3458 una
426 3395 561 3458 litterula
580 3397 697 3456 mutate
717 3396 794 3455 tecet
814 3391 974 3466 scriberet,
1006 3413 1064 3472 quo
1085 3416 1209 3460 versum
1237 3421 1361 3483 reeupe

258 3515 361 3558 remus
387 3498 653 3578 elegantissimum.
690 3515 788 3576 neque
809 3494 931 3554 dubium
953 3513 1022 3555 esse
1050 3503 1169 3580 potest,
1195 3505 1267 3583 quin
1286 3505 1361 3566 illud

256 3598 336 3680 quod
359 3599 390 3660 in
412 3599 438 3662 Ο
456 3600 569 3678 legitur
596 3599 737 3660 seritieo
765 3598 863 3678 aliquo
883 3598 1038 3658 inventum
1064 3602 1119 3678 sit,
1145 3607 1196 3685 qui
1214 3608 1361 3670 Vaticano

256 3699 350 3762 ecdici
371 3699 470 3762 labem
495 3721 514 3764 a
533 3703 662 3764 librariis
683 3699 897 3761 inlacrimasse
918 3701 1118 3781 intellegeret.
1141 3741 1181 3753 -—
1206 3710 1236 3769 V
1260 3715 1321 3771 147
1342 3732 1361 3772 e

256 3802 481 3886 surruptissimc
505 3804 645 3866 Vaticani
677 3803 850 3864 testimonio
877 3804 956 3884 quod
984 3810 1032 3866 est
1060 3809 1128 3871 ιιιι
1159 3813 1218 3874 uiri
1244 3833 1363 3876 mavors

255 3905 395 3988 Angelus
418 3906 582 3970 Politiunus
601 3905 753 3989 Apollonii
779 3925 872 3966 uersu
899 3927 974 3967 usus
996 3911 1101 3972 audrei
1124 3915 1244 3993 quidem
1264 3918 1360 3978 veris-

257 4065 507 4076 —.-..-·..——

357 4148 385 4212 ι)
403 4147 532 4200 Cerriouis
554 4147 684 4198 adnuntio
708 4147 772 4196 haee
796 4150 845 4197 est:
868 4144 987 4198 ἰιιιιιιιιιι
1008 4154 1048 4199 est
1069 4151 1101 4202 sd
1124 4167 1216 4204 nomen
1234 4152 1361 4205 Comesse.

253 4249 326 4300 nem,
347 4239 375 4286 ut
391 4234 559 4298 sitl’linins,
583 4234 691 4284 m
709 4231 802 4284 enon
825 4235 932 4296 munt,
957 4235 1040 4286 nostri
1057 4241 1177 4300 mm,
1197 4239 1283 4290 stella
1300 4241 1361 4290 hor-

254 4323 338 4372 rentes
356 4321 424 4372 crine
441 4312 596 4386 sagunen?
693 4318 813 4523 ·

235 4534 691 4944 1⁹!
855 4755 960 4944 ιι
