3086 4968
268 427 305 468 LX
706 425 935 468 Pronusomon

198 663 211 674 ,
270 598 310 656 67
329 596 362 654 66
381 595 439 668 68,
469 590 520 672 qni
547 590 679 653 noudum
701 591 895 672 probabiliter
916 593 1168 656 emendati-snut.
1206 595 1272 676 ipse
1295 599 1372 660 duas

267 698 452 760 coniecturas
471 697 502 756 in
523 693 714 756 adnotatione
736 694 839 755 critica
857 696 1008 777 proposui,
1031 697 1170 776 e'qnibus
1183 698 1272 760 hodia
1289 700 1372 762 illam

266 800 416 881 praefero,
447 817 523 878 quae
551 816 619 858 oum
645 799 740 860 verba
764 799 873 877 poetae
900 799 984 880 typis
1012 801 1207 881 exprimenda
1229 803 1372 864 curabam

266 904 364 965 minus
391 901 536 982 placebat.
573 902 695 962 servata
718 901 796 961 enim
818 900 850 960 16
870 920 964 962 versu
987 905 1027 963 67
1050 902 1191 964 Vaticani
1212 903 1369 984 scriptura
1443 949 1447 956 .

265 1006 297 1067 in
317 1023 410 1065 versu
431 1005 471 1066 68
485 1001 646 1082 ferierat
666 1004 886 1066 restituendum
910 1023 978 1065 esse
1001 1006 1091 1085 puto,
1114 1007 1150 1066 nt
1167 1006 1299 1069 creditus
1323 1027 1370 1069 or·

264 1111 330 1170 tum
348 1107 388 1169 sit
400 1126 426 1174 ¹e
446 1106 594 1184 creditur,
618 1107 696 1186 quod
716 1108 885 1188 explicandi
907 1125 999 1170 66666
1019 1107 1126 1187 aliquis
1147 1127 1238 1189 supra
1250 1108 1369 1188 fertur,

264 1229 342 1292 quac
364 1230 427 1272 vox
447 1209 546 1270 minus
561 1209 674 1272 6616666
687 1213 743 1288 666,
765 1211 965 1292 adscripserit.
1002 1229 1072 1272 nam
1087 1211 1183 1273 616666
1198 1213 1369 1276 coniectura

263 1318 317 1378 cat
335 1317 454 1397 cuperet
473 1331 573 1375 saevos
584 1311 712 1391 frenare
732 1314 873 1378 ὥνοοοοοε
894 1316 982 1377 eilias
1003 1333 1027 1376 e.
1041 1335 1068 1394 q.
1082 1335 1105 1374 s.
1124 1314 1233 1376 tersior
1247 1315 1369 1395 quidem

264 1419 367 1480 evadit
394 1416 505 1491 oratic,
531 1417 586 1478 sed
609 1417 697 1479 cilius
726 1416 806 1478 unde
834 1420 932 1478 666666
960 1419 1000 1479 616
1027 1421 1098 1498 apte
1128 1419 1281 1499 explicare
1307 1440 1369 1482 non

263 1541 394 1605 possum.
422 1555 458 1566 -
489 1519 507 1580 Ι
534 1524 595 1582 331
626 1519 702 1580 mira
730 1520 778 1580 666
807 1520 975 1600 scriptume
1004 1520 1173 1582 diversitas.
1212 1522 1368 1586 Parisinus

265 1630 348 1688 7647
376 1624 455 1686 euim
481 1626 514 1686 at
545 1620 697 1685 (laurionis
724 1622 801 1683 liber
823 1624 987 1705 polumque
1014 1625 1172 1700 exhibent,
1200 1629 1368 1708 6666666666

262 1730 437 1792 Vaticanus.
464 1727 627 1811 polumque
648 1745 755 1787 varum
776 1746 844 1787 csse
863 1745 924 1788 non
945 1729 993 1787 est
1015 1746 1069 1788 666
1082 1728 1223 1806 probem;
1244 1732 1367 1791 cretom-

262 1855 318 1918 que
339 1833 441 1893 antem
461 1831 531 1891 inde
562 1830 700 1892 extitisse
722 1829 848 1907 conicio,
876 1830 954 1910 quod
975 1831 1008 1891 16
1029 1831 1151 1909 antiquo
1172 1832 1270 1912 aliquo
1290 1832 1366 1894 libro

263 1955 355 2021 supra
369 1937 532 2020 polumque
554 1933 736 2014 adscriptum
759 1936 825 1994 erat
845 1935 1024 2016 coelumque,
1047 1936 1125 2015 qnod
1148 1935 1180 1997 16
1200 1938 1367 2017 cretamque

262 2043 373 2105 abiisse
404 2059 464 2100 uon
494 2037 635 2126 6161666666
660 2055 679 2097 6
707 2036 773 2097 veri
799 2037 1000 2098 similitudine.
1043 2040 1176 2099 cetarum
1203 2029 1310 2115 nequis
1347 2057 1365 2097 e

262 2163 411 2208 consensu
441 2139 491 2221 qui
521 2141 570 2200 est
595 2138 739 2201 16661666
766 2140 846 2200 inter
867 2139 1037 2202 Parisinnm
1066 2145 1148 2203 7647
1177 2143 1209 2202 66
1232 2140 1366 2200 codicem

170 2249 177 2258 '
262 2245 412 2312 06616616
441 2243 531 2306 huius
557 2241 736 2322 scripturas,
765 2261 843 2322 quac
874 2243 994 2324 quidem
1023 2243 1200 2306 aVatioani
1220 2243 1366 2305 memoria

260 2352 444 2432 discrepent,
477 2346 641 2427 antiquitus
666 2346 809 2421 traditas,
836 2365 897 2408 666
926 2348 1097 2408 coniectura
1124 2348 1264 2410 iuventas
1294 2365 1364 2407 esse

259 2455 383 2530 efficiat,
407 2453 567 2534 polumque
581 2467 700 2510 'moneo
726 2468 816 2529 quam
844 2449 931 2510 166116
961 2450 1093 2530 potierit
1115 2450 1209 2512 conici
1230 2469 1247 2509 e
1269 2468 1363 2512 versu

158 2617 173 2642 ¹.
260 2562 323 2622 586
352 2556 422 2617 libri
450 2554 538 2634 primi
563 2554 632 2614 hiae
655 2554 728 2616 oiim
747 2553 833 2615 soliti
857 2556 981 2616 miseere
1004 2551 1168 2636 polumque
1196 2552 1363 2635 insciisque

253 2661 376 2740 fretum.
398 2692 440 2704 —
462 2676 523 2717 non
544 2655 697 2734 glossema
716 2656 875 2732 habemus,
897 2655 951 2716 sed
971 2659 1050 2737 quod
1074 2657 1250 2736 glossemati
1268 2656 1361 2717 simil·

256 2766 360 2827 limum
381 2763 428 2840 sit,
450 2780 518 2822 cum
538 2759 586 2822 IV
600 2763 640 2821 38
663 2758 701 2818 ad
711 2757 866 2840 fruentem
886 2759 919 2819 16
938 2759 1085 2822 Vaticano
1108 2761 1292 2840 adscriptum
1313 2761 1371 2820 666

247 2867 381 2948 fruatur.
422 2865 561 2926 nimirum
588 2862 751 2925 monachus
781 2862 901 2941 quidam
930 2864 1037 2924 docere
1065 2864 1187 2926 volebat
1218 2863 1360 2938 lecturos,

247 2971 402 3051 fruentem
422 2967 613 3050 participium
634 2986 652 3028 6
673 2967 766 3026 verbo
788 2965 949 3045 deponenti
962 2966 1085 3028 ductum
1098 2986 1174 3028 csse.
1187 3002 1230 3013 —
1248 2966 1278 3028 V
1294 2967 1356 3026 151

256 3077 289 3138 in
310 3074 457 3137 Vaticano
478 3071 592 3150 legitur
611 3068 833 3149 Moossonychi,
855 3087 924 3128 oum
943 3070 1110 3134 breviorem
1131 3068 1259 3130 nominis
1278 3067 1359 3128 111166

255 3181 381 3243 formam
403 3195 480 3256 quae
504 3177 552 3237 666
566 3173 705 3254 Mossyni
722 3191 830 3232 versus
854 3171 910 3232 sibi
931 3173 1071 3252 postulet.
1106 3175 1180 3255 puto
1203 3173 1234 3233 iu
1256 3172 1358 3232 arohe-

256 3287 331 3366 typo
353 3279 493 3343 Vaticani
519 3279 570 3340 vel
597 3277 630 3338 in
654 3275 937 3340 666666166666166
964 3277 1039 3337 libro
1062 3271 1284 3340 Μοσσύνοικοι
1308 3275 1359 3336 ad-

257 3388 402 3468 scriptum
429 3383 540 3458 fuisse,
563 3381 645 3442 unde
666 3378 806 3442 Vaticani
833 3377 1036 3440 testimonium
1061 3379 1265 3442 6616166616-
1285 3378 1358 3438 duo-

254 3493 312 3554 bus
322 3489 397 3551 iccis
418 3485 523 3549 asena
535 3485 661 3546 verbum
672 3486 821 3542 remotum
841 3500 911 3542 esse
926 3482 1112 3562 deprehendi
1125 3482 1246 3545 6616661
1255 3482 1360 3558 verbo,

255 3594 334 3675 qnod
365 3588 536 3672 explicandi
562 3603 654 3648 66666
683 3583 853 3666 adpositum
873 3587 954 3663 erat,
983 3585 1015 3645 in
1035 3589 1208 3646 contextum
1229 3588 1358 3664 recepto.

255 3717 325 3760 uam
343 3695 390 3757 VI
412 3699 431 3757 3
452 3694 535 3755 tucri
554 3689 664 3752 alibro
685 3687 837 3751 Carricnis
857 3687 958 3768 recepi
982 3707 1036 3767 pro
1058 3687 1158 3751 vadari
1176 3689 1255 3769 quod
1272 3689 1359 3750 Vati-

254 3801 320 3866 cani
342 3796 546 3861 testimouinm
567 3796 621 3854 est
658 3791 939 3855 66616116666616
962 3791 1013 3872 qui
1035 3790 1214 3853 Vaticanum
1238 3792 1360 3873 scripsit

256 3922 347 3986 supra
364 3902 446 3965 tueri
464 3899 599 3960 additum
619 3896 735 3958 invenit
756 3895 872 3970 videre,
899 3912 975 3973 quas
1004 3893 1080 3956 duas
1104 3896 1268 3976 scripturas
1291 3915 1359 3956 cou-

254 4008 407 4088 glntinans
434 4002 533 4066 ociiea'
557 3999 646 4061 dedit.
681 4000 717 4060 cf.
743 4017 821 4078 quae
851 3997 890 4058 ad
909 3997 940 4058 V
959 3998 999 4058 53
1027 3999 1212 4079 supradixi
1250 3999 1359 4061 deinde

253 4111 319 4174 VH
338 4113 400 4173 503
421 4109 548 4170 reatem
565 4122 620 4184 pro
640 4102 784 4164 66166666
804 4099 923 4162 Η616611
942 4101 1113 4164 coniectura
1128 4102 1251 4165 Valerio
1272 4103 1360 4164 resti·

254 4217 354 4276 tutum
381 4215 435 4274 est.
458 4246 502 4256 —
530 4207 578 4270 VI
600 4207 662 4268 165
686 4202 852 4264 Vaticanus
882 4203 1006 4266 exhibet
1034 4206 1164 4282 elamor,
1194 4225 1271 4286 quae
1297 4226 1361 4267 vox

255 4335 323 4379 oum
344 4307 448 4377 versui
471 4333 532 4375 non
561 4312 633 4394 apta
662 4308 702 4370 sit
724 4303 907 4369 removenda
934 4310 990 4370 cst.
1024 4310 1105 4388 quod
1126 4308 1270 4372 Heinsius
1293 4329 1361 4392 pro·
