3072 4974
689 413 712 451 C.
727 411 834 452 vntum
848 410 947 450 FLAGGI

345 562 441 647 qualis
463 563 514 625 ubi
536 561 680 625 attonitos
702 566 837 625 maestae
859 561 999 644 Phrygas
1021 578 1121 623 annua
1138 559 1247 623 Matris
1298 564 1362 624 635

344 668 405 748 ira,
425 667 475 728 vel
497 669 620 729 exeotos
637 667 751 728 laoerat
771 664 898 727 Bellona
917 671 1065 739 oomat0s3

344 771 426 832 haud
447 789 535 831 seous
557 787 700 830 aooensas
722 769 820 830 subito
842 768 952 829 Medea
971 767 1108 829 cohortes

344 874 478 955 implioat
499 876 531 934 et
551 873 677 934 miseros
700 873 765 953 agit
784 875 817 934 in
838 889 894 933 sua
915 870 1030 952 proelia
1048 869 1166 930 tratres.

344 975 440 1039 omnis
462 975 503 1036 ibi
524 974 697 1038 Aesoniden
718 975 813 1036 sterni
833 975 934 1055 putat,
954 971 1090 1034 ommtus
1111 969 1158 1033 ira

342 1080 412 1142 talis
434 1078 507 1140 erat.
531 1079 633 1160 stupet
654 1076 767 1139 Aeetes
788 1076 926 1156 ultroque
944 1076 1080 1138 furentes
1297 1077 1363 1138 640

341 1184 408 1266 ipse
429 1181 511 1243 viros
529 1183 672 1242 revocare
692 1181 791 1262 eupit,
811 1180 866 1240 sed
890 1181 997 1240 eunota
1016 1176 1156 1239 iacebant

341 1285 478 1366 agmina,
499 1301 557 1344 nee
577 1277 735 1364 quisquam
753 1284 868 1364 primus
889 1281 952 1342 ruit
971 1284 1026 1342 aut
1047 1299 1140 1361 super
1159 1279 1240 1342 ullus

309 1399 312 1405 '
341 1386 501 1468 linquitur,
523 1387 615 1466 atque
635 1385 737 1448 hausit
758 1385 856 1447 subito
877 1402 933 1446 sua
952 1383 1060 1444 fiunem
1081 1382 1180 1444 tellus.

405 1517 547 1579 Protinus
568 1517 599 1579 in
620 1517 745 1579 fluvium
763 1518 947 1580 firmantibus
969 1516 1070 1578 evolat
1087 1516 1179 1577 armis

341 1620 526 1694 Aesonides;
549 1621 645 1701 qualis
669 1617 774 1682 Getioo
796 1622 834 1683 de
856 1621 982 1702 puluere
1002 1618 1126 1680 Mavors
1295 1623 1358 1683 645

342 1728 436 1790 intrat
457 1723 542 1805 equis
563 1723 683 1805 uritqm
706 1743 833 1804 gravem
851 1724 1009 1785 sudoribus
1028 1721 1174 1800 Hebrum,

339 1835 394 1895 aut
412 1829 500 1908 niger
521 1845 562 1888 ex
583 1827 678 1888 antris
700 1827 842 1908 rutilique
864 1845 882 1887 a
902 1825 1032 1888 fulminis
1054 1827 1142 1887 aestu

339 1953 408 1996 oum
430 1929 504 1992 furit
525 1931 557 1990 et
580 1928 679 1990 Siculo
698 1930 830 2012 respirat
848 1929 880 1990 in
901 1947 1031 2008 aequore
1052 1925 1191 2010 Cyclops.

290 2089 292 2092 .
339 2034 490 2099 Redditus
509 2031 556 2093 hio
577 2033 700 2093 tandem
721 2034 876 2114 sociosque
898 2032 1055 2113 amplexus
1077 2031 1211 2108 ovantes,

340 2137 422 2201 haud
441 2135 503 2196 iam
523 2135 698 2195 mendaeem
718 2135 866 2215 promissa
885 2154 1043 2217 reposcere
1064 2153 1170 2213 regem
1298 2135 1364 2196 650

342 2240 498 2321 dignatum
519 2255 591 2314 neo,
613 2236 639 2297 si
661 2236 727 2320 ipse
747 2237 803 2298 sibi
825 2239 913 2316 terga
931 2237 1052 2316 ingerat
1073 2236 1151 2297 ultro

341 2342 392 2425 qui
413 2339 545 2423 pepigit,
567 2338 644 2400 velit
663 2338 693 2400 in
716 2359 821 2423 paoem
840 2340 1038 2420 dextramque
1059 2337 1171 2399 revert‘

338 2443 484 2528 amplius;
506 2445 592 2505 ambo
614 2447 733 2520 truoes,
756 2445 843 2505 ambo
864 2444 1040 2504 abscessere
1060 2441 1217 2503 minantes.

250 2601 503 2613 μ--ύ-ῃ-,α-

357 2687 406 2735 635
426 2679 548 2731 attonitos
566 2695 591 2729 e:
614 2684 667 2731 atto
693 2682 723 2742 V,
748 2681 880 2731 extimulat
897 2682 951 2746 θψ,
978 2679 1073 2730 attollit
1090 2675 1163 2729 eudes
1178 2682 1262 2746 reqe'us
1278 2689 1301 2730 st
1318 2682 1363 2732 Ps'e'

252 2773 345 2823 codices
362 2769 493 2826 emendati,
513 2765 624 2815 attonuit
641 2768 763 2816 Heinsius
832 2771 926 2816 maeste
945 2768 970 2816 V
1035 2765 1147 2832 phrygia
1164 2765 1302 2830 agminum
1376 2825 1382 2834 Ι

252 2862 301 2909 636
323 2856 422 2905 exertos
439 2853 472 2903 Μ
561 2850 683 2900 Comenos
707 2853 833 2902 Maserius
927 2855 977 2902 636
994 2851 1114 2900 misseros
1135 2851 1160 2900 V
1248 2856 1297 2902 666
1315 2850 1360 2902 ubi

252 2943 305 3007 Μψ
375 2937 461 2987 Omnis
478 2935 509 2987 ab
527 2934 654 2986 Aesonide
669 2937 734 2986 verti
753 2937 837 3000 furor,
867 2935 982 2988 omnibus
999 2935 1052 2986 irae
1069 2934 1200 2999 Aequales,
1218 2935 1359 2986 661066ιί-

251 3025 299 3076 bus
310 3021 455 3074 Aesoniden
475 3019 554 3070 sterni
571 3026 661 3086 putat,
676 3023 791 3072 omnibus
808 3024 860 3072 iras
872 3021 1004 3087 Aequales.
1025 3023 1146 3072 Heinsius
1220 3027 1271 3072 640
1291 3026 1359 3072 setes

255 3113 286 3172 V,
305 3112 388 3160 oaetss
405 3125 430 3156 m
517 3111 566 3156 641
585 3107 672 3157 iunots
689 3107 811 3158 cadebant
828 3109 949 3157 Heinsius
1031 3109 1081 3156 642
1098 3120 1144 3155 neo
1162 3123 1197 3174 u:
1212 3123 1244 3157 ne
1267 3109 1293 3160 V

252 3199 298 3246 aut
313 3196 393 3244 nu:
410 3192 479 3242 haud
489 3193 574 3242 VBun.
646 3196 694 3243 643
715 3195 825 3258 pignora
842 3196 949 3242 Bulaeus
963 3199 987 3240 et
1005 3192 1134 3250 Heinsius,
1153 3194 1197 3252 que·
1213 3201 1237 3240 et
1254 3207 1359 3244 munera

20 3297 23 3382 q
245 3281 377 3344 preposuit
446 3282 496 3328 644
517 3276 618 3328 aeuolat
631 3279 656 3328 V
728 3285 778 3331 645
797 3279 931 3343 gnotiooV
1002 3277 1154 3326 mauoresV
1211 3282 1261 3328 646
1281 3293 1358 3344 aquas

237 3355 440 3418 'recemum
451 3366 468 3414 l.
485 3366 502 3412 l.
515 3381 544 3426 p.
561 3369 609 3414 118
680 3365 796 3416 sordibus
808 3365 841 3414 Μ
908 3365 958 3414 648
970 3359 1039 3423 legit
1061 3362 1099 3410 oel
1115 3359 1168 3410 ruit
1184 3362 1306 3411 Heinsius

252 3451 338 3501 Sioulo
355 3467 391 3518 ψι
416 3449 483 3499 siooo
509 3452 534 3501 V
623 3455 673 3502 650
694 3448 746 3499 iem
771 3447 916 3499 msudsoem
932 3447 1028 3496 Aren:
1058 3445 1228 3496 tamendaeem
1248 3449 1279 3507 V,
1304 3451 1358 3498 tum

248 3536 393 3586 mendaeem
410 3535 503 3584 MBon.
575 3539 624 3586 652
644 3533 714 3591 Quae
732 3536 891 3584 Burnunnus

248 3671 310 3724 em
341 3667 487 3723 vesunu
511 3629 636 3746 ennom
669 3669 787 3721 sumu
814 3629 826 3720 ¹.
850 3668 1124 3722 nneounurroon
1145 3665 1254 3720 nmen
1275 3667 1357 3722 vu.

193 3817 196 3825 ,
248 3753 416 3806 ammom
439 3752 534 3804 mom
559 3792 565 3804 .
589 3753 697 3807 nmen
721 3755 788 3808 vm
813 3759 839 3810 V

246 3853 267 3904 0
296 3891 302 3905 .
329 3850 476 3904 VALERII
506 3891 511 3903 .
539 3852 663 3904 FLACGI
690 3893 695 3905 .
721 3852 839 3904 SETINI
868 3890 874 3904 .
898 3852 1005 3904 BALBI
1029 3891 1035 3902 .
1059 3849 1330 3903 ARGONAVTICON
1351 3888 1359 3903 .

245 3937 412 3991 EXPLICIT
430 3936 539 3991 LIBER
558 3937 731 3992 SEPTIMVS
750 3977 755 3989 .
773 3937 905 3990 INCIPIT
924 3976 930 3989 .
949 3934 1103 3990 OCTAVVS
1123 3975 1128 3987 .
1146 3939 1180 3989 M

643 4165 950 4174 --—-—-—-—-—-—
