3086 4968
478 1669 983 1772 inomaonmnon

639 1877 772 1942 CAPUT
803 1881 826 1941 I.

179 2225 232 2314 Dc
258 2250 322 2313 vita
344 2250 460 2311 Valerii
484 2269 561 2329 quae
589 2251 668 2312 tradi
691 2252 808 2332 possint
836 2253 961 2332 propter
988 2269 1129 2330 magnam
1155 2253 1290 2314 testimo·

179 2355 300 2418 nior-um
327 2352 484 2434 penuriam
512 2372 664 2434 perpauca
686 2357 764 2416 sunt.
802 2354 898 2415 veluti
919 2373 957 2414 ne
977 2353 1016 2414 de
1038 2351 1206 2414 nominibus
1228 2353 1292 2434 qui-

179 2459 251 2519 dem
271 2457 351 2518 illius
370 2456 444 2517 satis
466 2458 590 2517 constat.
626 2475 696 2518 curn
717 2458 797 2519 enim
817 2459 849 2518 in
869 2456 1032 2518 Valerio
1052 2455 1193 2518 Flacco
1215 2459 1290 2520 mul·

181 2564 247 2621 arm
278 2559 422 2619 emissum
449 2558 745 2628 assecurationis
774 2561 885 2621 auxent
906 2559 952 2638 (x
974 2565 1003 2636 1,
1027 2560 1096 2638 ao),
1127 2559 1160 2618 a
1182 2557 1293 2638 viginti
1415 2547 1424 2564 ²

181 2664 400 2745 epigrammata
422 2663 563 2723 Flacco
586 2664 705 2724 cuidam
727 2663 893 2724 aMartiali
916 2663 1060 2744 inscripta
1081 2661 1120 2723 ad
1135 2661 1292 2724 Valerium

180 2767 275 2828 missa
301 2767 461 2846 putentur,
492 2770 524 2825 ct
550 2767 582 2826 in
611 2766 712 2826 codice
735 2765 869 2827 Parisino
894 2769 977 2828 7647
1003 2769 1093 2844 (saec.
1113 2765 1209 2846 XIII)
1232 2787 1291 2846 quo

181 2889 251 2931 cnm
279 2870 425 2929 aliatum
456 2869 600 2947 excerpta
626 2888 687 2930 non
706 2869 789 2930 nulla
812 2889 852 2929 ex
873 2869 1086 2948 Argonautiois
1109 2869 1292 2950 transcripta

181 2972 372 3058 continentur
391 2973 467 3032 haec
488 2969 528 3030 sit
555 2970 710 3051 inscriptio
733 2969 859 3032 Gaius
880 2973 1061 3034 ualerios
1081 2972 1231 3034 flaccus
1253 2973 1292 3034 iu

179 3075 302 3156 primo
329 3073 632 3154 argonautioon,
659 3073 690 3133 in
718 3073 986 3155 subscriptionibus
1016 3075 1127 3138 codicis
1151 3075 1292 3138 Vaticani

182 3181 268 3240 3277
291 3181 380 3254 (saec.
401 3175 480 3254 IX),
508 3187 635 3255 quarum
664 3176 696 3236 in
725 3177 782 3236 hac
810 3177 985 3258 quaestione
1014 3179 1175 3260 praecipua
1202 3178 1292 3240 debet

181 3299 252 3340 csse
279 3279 461 3354 auctoritas,
489 3279 564 3339 haec
590 3279 735 3339 habemus
762 3283 871 3360 poetae
900 3281 1020 3341 nomina
1041 3277 1078 3342 Gr.
1100 3279 1290 3342 Valerius

179 3383 346 3444 Flaccus
368 3381 515 3443 Balbus
537 3381 699 3444 Setinus
715 3382 775 3459 (lib.
789 3381 844 3461 II),
865 3380 901 3445 G.
917 3383 1108 3445 Valerius
1126 3381 1291 3447 Flaccus

179 3483 344 3547 Selinus
367 3485 428 3562 (lib.
443 3484 491 3547 IV
512 3471 561 3549 VI
581 3483 646 3547 VII
662 3483 765 3560 VIII),
786 3481 822 3546 G.
838 3485 1025 3547 Valerius
1042 3484 1209 3549 Flaccus
1228 3487 1290 3550 Se-

178 3588 292 3649 tinns
312 3586 460 3648 Balbus
483 3587 543 3666 (lib.
559 3588 616 3667 V):
647 3588 794 3670 equibus
822 3589 976 3649 nominum
1003 3588 1155 3650 ordinibus
1184 3592 1291 3652 tertius
1345 3593 1348 3599 “

179 3694 213 3752 ct
238 3692 276 3752 ab
302 3689 390 3751 Italis
418 3691 531 3752 saeculi
558 3691 665 3752 decimi
691 3691 786 3773 quinti
814 3693 959 3772 probatus
985 3695 1033 3754 est
1055 3695 1086 3752 ct
1108 3692 1139 3753 iu
1161 3691 1291 3753 omnium

179 3793 344 3855 editionum
372 3792 477 3854 tibulos
505 3795 642 3871 transiit,
671 3813 769 3874 neque
796 3794 827 3855 id
858 3795 929 3875 quin
960 3797 1042 3856 recte
1071 3794 1160 3855 fieret
1182 3798 1292 3856 antea

179 3916 330 3978 quoquam
356 3896 525 3958 dubitatum
547 3901 611 3974 est,
641 3916 731 3976 quam
752 3895 895 3958 Nicolaus
916 3896 1062 3958 Heinsius
1086 3898 1216 3960 seeundo
1240 3897 1290 3958 de-

178 4017 262 4060 mum
291 4001 361 4080 post
382 3995 536 4061 Christum
562 4003 667 4061 natum
697 4001 816 4061 saeculo
838 4001 926 4080 plura
947 4003 1125 4081 cognomina
1146 4003 1177 4061 et
1198 4020 1290 4080 agno·

178 4103 261 4164 mina
274 4101 420 4163 Bouiania
434 4103 539 4180 fuisse,
561 4105 750 4184 poetamqnc,
773 4102 799 4162 si
814 4103 912 4163 omnia
926 4103 979 4166 illa
993 4104 1112 4164 nomina
1126 4103 1290 4183 habuisset,

178 4225 241 4268 non
255 4205 450 4284 Flaccum,
469 4207 524 4267 sed
537 4205 699 4268 Balbum
711 4207 762 4266 uel
780 4204 951 4267 Setinum
970 4205 1134 4268 aMartiali
1148 4209 1180 4268 ct
1196 4205 1290 4278 Quin-

166 4305 283 4372 ¹tuliano
310 4308 456 4390 appellari
483 4308 624 4370 debuisse
656 4309 786 4370 doceret.
825 4308 876 4368 ille
905 4307 999 4388 igitur
1025 4307 1157 4369 Setini
1177 4310 1291 4371 Balbi

1056 4410 1072 4442 ff

1029 4426 1045 4460 8
