3086 4968
652 437 740 479 cAPUI
761 438 792 480 11.
1226 441 1281 482 nm

164 623 315 687 nusquam
336 603 505 666 Ausoniam
526 603 618 680 videt,
640 607 695 666 sed
716 604 832 686 Syrtes.
872 624 931 685 qua
953 625 987 665 re
1010 605 1165 683 Heinsius,
1187 627 1276 688 quem

162 712 258 773 subiit
272 708 420 789 probasse
436 708 632 768 vehementer
652 708 760 783 miror,
781 708 882 770 motus
894 709 970 784 est,
989 711 1024 769 ut
1043 713 1115 790 post
1136 729 1203 771 eam
1220 731 1274 773 vo·
1337 733 1346 746 ’

163 833 229 876 cem
249 831 311 873 non
334 810 418 871 nulla
436 809 626 872 intercidisse
648 813 778 891 putaret
814 811 881 892 ipse
903 830 956 872 our
977 812 1056 872 iuter
1072 831 1218 894 praecepa
1240 815 1272 874 et

161 919 259 980 redito
285 916 411 976 lacunae
440 913 528 991 signa
556 914 710 994 posuerim
736 916 768 973 et
797 913 869 991 quid
896 913 935 974 iis
963 933 1039 994 quae
1068 915 1225 995 perierunt
1254 937 1274 979 a

162 1018 286 1082 Valerio
302 1015 503 1095 significatum
518 1016 614 1076 finisse
629 1016 776 1090 rideatur,
785 1016 817 1076 in
832 1016 1022 1078 adnotatione
1033 1017 1136 1078 critica
1148 1018 1271 1080 dixi.—

162 1123 227 1184 VH
245 1125 308 1183 452
331 1119 455 1180 mutilus
477 1121 526 1180 est
546 1119 577 1180 in
591 1119 748 1194 Vaticano,
769 1118 801 1178 iu
814 1118 847 1195 0,
867 1121 986 1202 caprario
1005 1139 1080 1181 voce
1101 1123 1218 1183 mutata
1237 1123 1270 1183 in

161 1228 298 1308 eumpse,
320 1222 456 1285 additum
468 1225 517 1283 est
536 1226 569 1284 ia
590 1224 692 1285 omnm.
730 1222 810 1302 quod
827 1221 921 1303 recipi
941 1222 1052 1302 nequit.
1088 1223 1119 1285 id
1141 1224 1222 1285 enim
1244 1225 1271 1286 si

161 1329 304 1392 Valerius
329 1324 514 1406 scripsisset,
538 1324 618 1386 idern
638 1326 694 1386 hoc
715 1345 808 1386 versu
827 1325 1038 1401 contineretur,
1059 1326 1139 1406 quod
1159 1346 1196 1388 co
1218 1329 1270 1408 qui

161 1433 304 1513 sequItur.
343 1432 375 1491 ire
397 1430 464 1490 tetris
485 1428 564 1509 quod
586 1428 652 1508 ipse
671 1428 860 1490 intercidisse
880 1428 990 1490 conieci
1015 1429 1190 1491 adversum
1204 1434 1268 1492 442

161 1536 292 1616 spectat,
313 1551 371 1613 quc
393 1531 470 1592 Iuno
492 1535 525 1592 et
546 1530 681 1592 Tritonia
701 1532 752 1593 ubi
773 1532 835 1593 sint
853 1531 964 1594 Medea
983 1551 1034 1594 ex„
1046 1533 1155 1595 Iasone
1177 1552 1267 1614 quae·

160 1638 206 1700 rit
232 1669 270 1680 -
298 1635 395 1695 maior
420 1634 520 1696 hiatus
551 1637 600 1695 est
628 1633 708 1694 inter
728 1655 778 1695 vv.
798 1638 861 1695 578
882 1637 914 1696 et
936 1636 1013 1710 581;
1040 1635 1072 1696 in
1092 1634 1268 1698 Monacensi

160 1745 192 1802 et
212 1737 366 1802 Carrionis
385 1737 461 1798 libro
486 1738 518 1797 hi
546 1737 604 1798 duo
630 1756 739 1797 versus
767 1738 912 1816 leguntur
938 1737 977 1802 W
1002 1737 1119 1800 taudem
1140 1741 1220 1800 stetit
1238 1742 1268 1800 et

158 1847 240 1907 tuno
259 1845 348 1920 (torto
364 1840 466 1920 inepte
487 1839 601 1917 legitur
620 1838 652 1898 in
673 1838 712 1916 0)
736 1859 768 1901 cc
789 1840 902 1902 lamone
912 1838 1008 1919 fleuit
1028 1838 1091 1910 Qui
1103 1843 1195 1922 prior
1216 1840 1267 1902 cd-

158 1948 240 2008 verct'
258 1945 390 2025 respecti
408 1943 526 2004 Iasonio
547 1961 648 2017 ormo,
672 1962 798 2022 quorum
819 1942 935 2002 numeri
956 1940 1030 2002 nihil
1055 1942 1168 2002 habent
1186 1943 1266 2021 quod

158 2047 314 2126 offensioni
342 2045 388 2106 sit.
422 2045 477 2104 sed
503 2045 683 2126 reopc'cieadi
702 2047 828 2106 verbum
854 2047 898 2107 lta
917 2045 1064 2127 positum,
1091 2046 1127 2106 ut
1148 2046 1264 2126 conspi-

157 2151 256 2214 ciendi
283 2149 345 2210 vim
372 2149 496 2230 lrabeat,
524 2146 669 2228 dispIIcet
709 2167 808 2226 neque
836 2149 986 2210 sententia
1012 2152 1095 2210 recte
1123 2148 1265 2229 procedit.

157 2260 278 2318 taurum
298 2252 377 2313 enim
399 2252 449 2333 qui
470 2251 591 2314 advari
608 2250 636 2311 h.
655 2270 679 2312 e.
702 2271 743 2311 ex
764 2252 892 2314 adverso
915 2253 1023 2314 stantis
1043 2251 1161 2314 Iasonis
1182 2269 1266 2312 arma

156 2357 350 2438 conspexerit
373 2355 478 2433 nequit
496 2353 622 2433 cogitari
647 2374 681 2414 se
703 2353 841 2434 flexisse,
869 2357 904 2416 ut
924 2354 1065 2416 Iasonem
1086 2355 1266 2434 adgredere-

156 2466 214 2526 tur.
235 2497 280 2507 -
301 2459 366 2522 VH
388 2463 449 2520 632
474 2479 516 2538 sq.
540 2459 690 2519 sententia
717 2478 778 2518 non
806 2459 897 2539 plena
927 2461 981 2520 est.
1017 2477 1105 2540 quam
1135 2458 1172 2519 ob
1199 2477 1265 2520 rem

155 2567 226 2629 Itali
245 2585 300 2646 pro
324 2562 431 2625 Medea
452 2567 653 2642 reposuerunt
674 2562 754 2625 dedit
771 2562 836 2624 cllo.
874 2563 932 2624 sed.
949 2563 1007 2625 cllo
1026 2562 1201 2644 pronomine
1223 2562 1264 2623 ad

155 2670 296 2731 Medeam
322 2656 549 2744 significandam
570 2663 713 2724 Valerius
739 2665 784 2725 uti
813 2685 873 2726 non
901 2666 1017 2746 potuit,
1047 2685 1116 2727 cum
1142 2684 1209 2726 eam
1230 2665 1263 2726 in

154 2773 192 2833 iis
214 2789 293 2850 quae
313 2768 450 2849 proxime
472 2767 655 2828 antecedunt
674 2786 735 2828 non
754 2771 1026 2829 commemorasset
1062 2788 1161 2848 neque
1187 2769 1262 2836 Tor·

154 2880 237 2938 turco
262 2892 368 2936 veneno
397 2871 520 2933 ablativi
542 2869 725 2950 explicatum
747 2870 868 2931 habent
904 2869 1005 2951 itaque
1026 2885 1149 2931 versum
1169 2869 1262 2931 inter·
1392 2863 1397 2872 '

155 2978 265 3039 cidisse
290 2973 481 3035 manifestum
513 2975 568 3033 est.
602 2973 633 3033 in
663 2974 761 3033 locum
793 2974 857 3034 eius
881 2974 912 3034 in
934 2974 1059 3036 Chunc
1078 2973 1262 3034 successisse

154 3081 308 3144 videmus:
333 3077 476 3156 Infectam
506 3075 627 3138 deotmot
653 3094 782 3156 acerque
809 3078 945 3138 armarat
965 3078 1000 3136 io
1026 3077 1114 3151 illoc,
1141 3073 1174 3134 in
1202 3093 1262 3152 quo
1344 3123 1348 3129 .

154 3186 276 3265 praeter
296 3180 433 3241 ultimam
453 3179 574 3242 dederat
593 3177 676 3238 vocis
695 3177 845 3258 syllabam
866 3195 969 3239 arseos
980 3176 1012 3238 vi
1027 3178 1204 3258 productam
1218 3209 1262 3220 —

156 3285 235 3367 quod
260 3288 362 3345 minen
388 3284 424 3343 ut
449 3299 541 3362 supra
566 3280 771 3341 demonstravi
800 3299 860 3341 non
888 3279 954 3340 sine
984 3279 1132 3360 exemplis
1161 3277 1263 3339 estin

155 3389 279 3451 Valerio
292 3423 333 3434 —
356 3389 388 3446 et
408 3388 529 3466 praeter
550 3384 702 3445 luxuriam
723 3385 871 3463 quandam
891 3385 923 3444 et
943 3382 1173 3445 redundantiam
1193 3400 1261 3444 ver-

155 3493 262 3554 borum
286 3490 359 3551 nihil
387 3491 437 3549 est
467 3488 546 3568 quod
574 3489 640 3547 arte
662 3486 825 3547 Valeriana
854 3486 1011 3565 indignum
1042 3486 1196 3565 videatur,
1228 3487 1264 3546 ut

155 3597 280 3675 propter
302 3594 475 3673 suspectam
492 3592 580 3652 modo
595 3589 664 3650 libri
678 3589 758 3650 illius
771 3589 862 3650 fidem
876 3609 947 3650 eum
960 3609 1021 3650 non
1032 3589 1204 3670 receperim.
1217 3623 1262 3634 -

156 3697 237 3760 VIII
253 3699 294 3758 83
312 3693 517 3756 aMonacensi
534 3693 634 3774 recepi
653 3696 777 3769 venene,
799 3693 942 3754 omissum
963 3693 996 3754 in
1011 3694 1171 3768 Vaticano;
1194 3711 1261 3753 eam

156 3801 236 3863 enim
259 3799 376 3861 Valerii
402 3816 523 3858 manum
551 3815 620 3858 esse
648 3798 764 3856 certum
793 3799 848 3856 est.
885 3801 989 3858 contra
1015 3796 1048 3857 in
1076 3816 1168 3858 versu
1196 3796 1259 3856 458

156 3905 207 3984 qui
230 3903 426 3964 detruncatus
447 3902 495 3961 est
516 3901 548 3960 in
567 3899 651 3961 libris
671 3917 761 3960 manu
786 3898 922 3982 scriptis,
950 3919 1084 3962 mancam
1101 3919 1175 3984 esse
1194 3916 1260 3959 ora-

157 4008 270 4070 tionem
292 4004 462 4084 significare
481 4003 582 4078 malui,
604 4020 694 4081 quarn
715 4001 820 4064 alienis
838 4002 961 4064 insertis
983 4005 1021 4065 de
1041 4003 1101 4066 fide
1121 3999 1259 4064 editionis

156 4129 242 4172 meae
264 4108 431 4168 detrahere.

261 4210 339 4273 Cum
357 4210 483 4271 lacunae
512 4207 574 4270 sint
601 4209 632 4269 in
654 4207 804 4271 codicibus
825 4209 940 4270 Valerii
961 4209 1143 4289 permultae,
1170 4207 1261 4269 inter-

153 4314 330 4398 polationes
353 4313 416 4375 sere
439 4331 588 4394 nusquam
608 4311 799 4394 deprehendi.
834 4331 903 4374 nam
922 4311 939 4372 I
960 4314 1000 4372 63
1020 4330 1093 4371 num
1113 4311 1196 4371 recte
1217 4329 1263 4370 se-
