3086 4968
260 423 358 466 mm
698 423 926 466 racaneomon

213 569 218 580 ⁸
261 593 301 654 ad
322 609 456 674 pugnam
475 607 543 652 cnm
561 587 747 669 Argonautis
768 590 889 653 venisse
910 592 1001 672 poeta
1020 589 1107 666 dixit,
1129 609 1228 670 neque
1250 595 1371 654 secutos

259 713 333 756 eum
356 693 407 775 qui
424 695 582 755 tuerentur
600 695 769 775 populares.
799 696 904 754 contra
917 714 945 755 r.
961 695 1024 755 278
1046 713 1151 773 regem
1165 693 1296 756 Pollucis
1316 696 1371 756 im·

261 801 336 880 petn
357 797 515 876 fatigatum
534 797 571 858 ab
593 797 763 876 agminibus
784 797 847 858 suis
867 817 928 858 non
948 795 1085 876 agnitum
1103 815 1172 858 esse
1189 797 1280 875 atque
1293 797 1370 858 adeo

262 923 291 964 v.
308 903 370 962 315
394 899 511 980 Amyco
531 889 648 961 deuicto
670 899 825 980 Bebrycas
844 900 934 979 terga
954 900 1083 962 vertisse
1105 901 1252 962 narratur.

369 1000 496 1064 Omnino
526 1021 628 1063 rerum
655 1003 815 1064 rerimtm
843 1004 895 1064 vel
922 1004 1164 1084 probabilitatem
1192 1003 1294 1084 potius
1322 1004 1372 1063 est

261 1108 314 1171 ubi
332 1127 394 1168 non
415 1105 490 1167 eatis
507 1105 667 1184 diligenter
681 1107 876 1186 ponderatam
891 1107 1058 1184 videamus,
1078 1127 1137 1187 quo
1158 1107 1280 1186 quidem
1295 1105 1370 1167 vitio

196 1197 198 1205 ¹
260 1215 361 1276 minus
385 1213 514 1272 fortasse
542 1227 662 1269 carmen
690 1207 841 1270 adfectum
868 1215 967 1286 esset,
997 1210 1023 1272 si
1053 1209 1208 1272 emendari
1236 1211 1274 1270 ab
1302 1209 1370 1290 ipso

262 1321 353 1400 poeta
371 1313 527 1396 potuisset.
558 1314 593 1372 nt
610 1312 668 1372 hoc
688 1311 846 1391 proferam,
868 1333 936 1374 cum
957 1313 988 1374 in
1003 1313 1078 1374 libro
1095 1313 1191 1394 primo
1205 1333 1234 1376 r.
1249 1317 1289 1373 22
1306 1333 1369 1392 sqq.

262 1421 364 1483 Peliae
387 1435 516 1496 regnum
542 1433 639 1494 usqne
666 1416 704 1475 ad
727 1413 863 1476 Ionicum
890 1420 1029 1479 marest
1056 1418 1095 1478 ad
1116 1415 1226 1477 Haemi
1252 1416 1369 1476 radices

262 1521 445 1607 pertinuisse
464 1518 556 1594 diruit,
577 1517 608 1578 in
629 1516 835 1596 magnitudine
856 1518 922 1581 eius
944 1519 1142 1582 describenda
1163 1518 1306 1580 Valerius
1328 1517 1370 1578 ita

261 1627 384 1700 modum
404 1619 544 1698 excessit,
565 1619 647 1680 utin
668 1620 869 1700 geographico
891 1641 1004 1700 genere
1026 1643 1132 1704 parum
1152 1623 1289 1684 curiosus
1303 1620 1369 1682 inre

263 1730 430 1807 meritoque
448 1724 602 1785 habeatur.
644 1741 823 1802 quamquam
846 1724 1021 1804 Wagnerus
1043 1745 1103 1787 non
1125 1727 1208 1786 recte
1231 1743 1300 1786 eum
1321 1742 1369 1785 ac·

263 1831 391 1906 cesavit,
411 1827 491 1909 quod
513 1824 605 1887 1114
627 1817 799 1906 εὖρυμένας
817 1828 1005 1909 participium
1027 1830 1065 1890 ab
1077 1828 1236 1908 Apollonio
1251 1830 1292 1890 A
1305 1830 1369 1890 597

263 1936 396 2019 positum
415 1950 468 2014 pro
489 1928 547 1992 loci
568 1927 687 1990 nomine
709 1930 871 2010 acceperit;
893 1951 1022 2013 namque
1042 1923 1222 2014 Εὐρυμεναί
1244 1934 1280 1992 ut
1303 1929 1368 1994 sse

263 2040 355 2124 phani
375 2033 519 2119 Byzantii
547 2031 717 2092 testimonio
743 2034 862 2094 constat
890 2034 963 2095 urbs
987 2033 1163 2096 Thessaliae
1183 2034 1254 2112 fuit,
1283 2034 1368 2095 ouius

263 2145 309 2208 roi
328 2135 618 2204 memorMerkelius
640 2135 672 2196 in
686 2134 838 2215 Apollonii
859 2156 953 2198 versu
967 2130 1148 2220 Εὐρυμενάς
1168 2136 1311 2219 reposuit
1326 2171 1368 2182 -

263 2249 294 2312 V
316 2251 379 2310 477
406 2244 437 2304 in
463 2259 576 2321 genere
596 2237 714 2300 Iasonis
742 2239 919 2321 exponendo
942 2242 1083 2303 Valerius
1109 2259 1216 2322 parum
1240 2240 1368 2320 diligens

263 2351 334 2425 fuit;
365 2346 527 2410 Cretheum
556 2342 635 2404 enim
667 2345 699 2404 et
721 2341 825 2404 Phrixi
853 2346 885 2406 et
905 2343 1023 2408 lasonis
1054 2365 1145 2407 arum
1165 2344 1259 2405 hrisse
1283 2343 1368 2406 dixit

265 2471 354 2536 quem
389 2466 522 2510 errorem
556 2447 636 2525 quod
669 2445 858 2508 librariorum
897 2466 986 2526 quam
1010 2446 1126 2508 Valerii
1158 2438 1369 2526 neglegentiae

264 2557 456 2618 Burmannus
484 2549 616 2609 tribuere
639 2549 772 2609 malebat
800 2553 832 2610 et
859 2550 1019 2611 emendare
1046 2569 1171 2632 compre
1197 2553 1276 2613 mebi
1301 2551 1370 2614 Cre·

264 2662 349 2723 theam
375 2655 514 2719 ambobus
535 2654 566 2714 ot
586 2649 701 2714 Aeolus
721 2655 840 2729 cador,
867 2655 991 2734 propter
1019 2653 1175 2714 audaciam
1195 2651 1370 2714 mutationis

263 2762 333 2824 hnic
360 2757 548 2820 coniecturae
578 2754 726 2816 calorrlnm
752 2773 812 2816 uon
837 2773 962 2836 possum
987 2755 1113 2817 adicere.
1145 2787 1183 2798 -
1217 2755 1282 2817 VII
1304 2757 1368 2816 423

263 2868 344 2928 inter
360 2862 607 2940 Argonautarum
627 2858 666 2918 de
680 2856 800 2919 Colchis
820 2858 929 2920 merita
949 2857 1041 2920 Iason
1065 2858 1157 2919 etiam
1177 2858 1251 2919 illud
1268 2858 1371 2932 refert,

265 2969 345 3050 quod
369 2966 453 3046 Iphis
485 2980 540 3043 pro
561 2959 716 3022 moenibus
741 2960 825 3022 Aeac
847 2960 994 3022 ceciderit
1030 2977 1211 3040 quamquam
1231 2960 1262 3020 in
1290 2963 1371 3022 eata·

267 3075 336 3150 logo
364 3068 536 3147 Minyarum
563 3064 614 3145 qui
641 3064 672 3125 in
698 3064 794 3145 primo
823 3063 898 3126 libro
928 3066 992 3139 est,
1017 3062 1107 3145 Iphin
1132 3063 1314 3144 praedicitur
1339 3063 1371 3124 in

267 3173 409 3255 Scythica
436 3187 528 3230 arena
547 3167 725 3232 moriturum
750 3183 836 3241 esse,
863 3169 964 3228 tamen
985 3185 1045 3226 uon
1066 3165 1174 3228 iniuria
1194 3167 1370 3246 Wagnerus

265 3279 399 3353 miratur,
420 3293 474 3336 our
495 3273 526 3334 in
549 3275 637 3334 sexto
656 3271 742 3346 libro,
761 3289 819 3350 quo
841 3287 962 3350 pugnae
981 3268 1060 3330 inter
1079 3267 1196 3330 Aeetae
1217 3269 1371 3332 etPersae

266 3381 367 3461 copias
382 3376 558 3441 summissae
571 3377 741 3449 narrantur,
762 3372 884 3454 lphidos
908 3390 990 3433 mors
1011 3373 1225 3452 praetermissa
1236 3373 1292 3460 sit:
1317 3374 1372 3434 sed

266 3485 323 3546 hoc
336 3500 453 3562 quoque
465 3480 530 3540 loco
544 3478 582 3540 de
594 3475 784 3540 festinatione
797 3474 913 3536 Valerii
936 3474 1070 3553 cogitare
1090 3475 1179 3552 malo,
1201 3495 1290 3556 quarn
1304 3495 1373 3538 cnm

267 3584 423 3662 Wagnero
445 3582 559 3658 iacere,
583 3582 634 3662 qui
655 3578 843 3641 librariorum
864 3579 1022 3640 oscitantia
1042 3577 1074 3640 in
1094 3580 1170 3643 libro
1191 3579 1242 3641 illo
1263 3599 1372 3642 versus

268 3705 327 3748 non
351 3685 450 3745 nullos
471 3685 660 3749 intercidisse
685 3681 818 3744 coniecit

370 3788 599 3869 vituperandus
627 3791 676 3848 est
700 3785 791 3846 etiam
815 3787 906 3865 poeta
930 3786 1010 3865 quod
1038 3785 1165 3847 heroicis
1189 3785 1373 3866 temporibus

266 3913 327 3956 uon
345 3907 508 3972 numquam
526 3891 632 3953 tribuit
653 3909 730 3972 quae
750 3889 871 3950 minime
890 3889 950 3954 illis
971 3888 1160 3949 conveniunt
1193 3906 1374 3968 quamquam

268 3996 348 4058 enim
374 4014 432 4057 non
454 3993 560 4073 ignoro
589 3993 664 4054 alios
686 4012 803 4073 quoque
830 3995 935 4073 poetas
960 3991 1202 4054 anachronismos
1224 4010 1299 4073 qnos
1321 4011 1373 4053 ro-

268 4103 339 4162 cant
360 4099 416 4160 sihi
436 4098 598 4160 indulsisse
620 4098 669 4172 (de
681 4095 818 4175 Vergilio
835 4095 971 4155 conferas
985 4092 1135 4172 Wagneri
1149 4096 1264 4174 quaest
1277 4093 1373 4174 Verg.

268 4201 492 4282 XXXVIIII),
519 4205 621 4264 tamen
649 4199 680 4260 in
707 4197 764 4260 hoc
791 4215 903 4277 genere
925 4199 1026 4257 certus
1046 4197 1168 4275 quidam
1187 4196 1293 4258 modus
1316 4197 1375 4271 est,

268 4309 350 4369 ultra
368 4325 457 4385 quem
479 4325 538 4367 non
559 4303 648 4366 licoat
667 4299 809 4384 progredi
829 4298 887 4360 nisi
904 4299 1068 4362 omminum
1089 4299 1236 4379 dignitato
1251 4319 1375 4381 pessum
