3110 4972
537 461 758 504 moonsvnrcon
785 461 872 506 uranu
885 460 915 504 r.
1219 441 1284 509 145

262 614 375 678 adnuet
393 612 476 694 ipsc,
494 630 580 688 re0r;
599 631 697 695 neque
716 613 902 677 inexorabile
919 614 1001 675 certe
1220 619 1284 678 320

262 717 343 798 qnod
363 715 507 799 petimus:
538 715 585 777 sin
605 734 678 778 vero
699 733 806 797 preces
827 718 860 778 et
881 715 962 777 dicta
983 716 1133 798 superbus
1171 737 1173 744 ·
1260 725 1263 744 '

262 819 431 902 respuerit,
452 818 513 880 iam
533 835 614 879 nunc
635 817 751 880 animos
772 817 889 880 firmate
910 819 1061 899 repulsae,
1162 881 1167 888 ,

262 940 381 1003 quaque
401 921 452 984 via
473 920 579 1004 patriis
601 920 767 983 referamus
788 922 904 984 vellera
925 923 1025 999 terris,

263 1027 326 1087 stet
344 1025 462 1106 potius:
483 1027 574 1088 rebus
597 1042 719 1106 semper
739 1024 836 1105 pudor
857 1023 937 1086 absit
957 1023 989 1084 in
1011 1015 1101 1086 artis?

263 1127 400 1208 dixerat,
424 1131 457 1191 et
478 1126 651 1211 Scythicam
672 1126 724 1207 qui
746 1147 780 1188 se
802 1126 981 1188 comitentur
1000 1127 1041 1189 ad
1056 1127 1161 1187 urbem
1220 1127 1283 1188 325

264 1232 347 1292 sorte
368 1229 463 1311 petit,
484 1247 670 1310 numeroque
691 1248 801 1291 novem
822 1229 973 1291 ducuntur
993 1230 1032 1291 ab
1054 1229 1141 1291 omni

262 1331 333 1393 inde
354 1331 435 1394 viam
459 1352 520 1414 qna
541 1331 657 1396 Circaei
676 1333 769 1414 plage
790 1333 929 1415 proxima
950 1332 1048 1412 campi

262 1436 427 1518 corripiunt
446 1453 610 1516 regemque
631 1435 740 1514 petunt
760 1433 820 1497 iam
841 1435 908 1498 luce
930 1435 1063 1497 reducta

327 1585 421 1647 Forte
442 1585 533 1647 deum
555 1583 649 1646 variis
671 1586 866 1664 pernoctem
887 1583 994 1646 territa
1012 1582 1164 1660 monstris,

266 1689 404 1750 senserat
423 1690 459 1750 ut
479 1687 584 1770 pulsas
605 1687 727 1746 tandem
746 1686 856 1747 Medea
878 1688 1028 1766 tenebras,
1222 1689 1286 1750 330

263 1794 352 1872 rapta
375 1791 449 1853 toris
471 1789 560 1873 primi
579 1790 666 1851 iubar
688 1791 727 1851 ad
747 1789 893 1872 placabile
914 1788 1026 1852 Phoebi

264 1894 328 1956 ibat
348 1896 380 1956 et
397 1894 563 1955 horrendas
584 1892 746 1954 lustrantia
767 1892 892 1954 flumina
911 1893 1025 1953 noctes.

264 2017 392 2080 namque
415 1997 572 2078 soporatos
594 1995 693 2058 tacitis
713 1996 745 2056 in
768 1995 890 2058 sedibus
913 1996 998 2078 artus

263 2100 336 2160 dum
356 2099 467 2182 premit
489 2099 551 2160 alta
572 2097 658 2178 quies
681 2098 840 2179 nullaeque
861 2097 894 2159 in
916 2095 1034 2176 virgine
1057 2115 1156 2174 curae,

263 2202 332 2264 visa
353 2221 468 2283 pavens
491 2203 582 2265 castis
604 2201 738 2263 Hecates
759 2199 907 2262 excedere
928 2200 1018 2275 lueis;
1221 2202 1283 2290 335¹

264 2306 395 2386 dumque
417 2305 459 2386 pii
481 2306 559 2387 petit
581 2325 633 2368 ora
654 2304 765 2387 patris,
789 2303 875 2365 stetit
893 2303 1006 2364 arduus
1026 2299 1106 2364 inter

263 2410 374 2490 pontus
398 2409 431 2468 et
450 2407 567 2488 ingenti
591 2406 703 2470 circum
725 2406 895 2487 stupefacta
914 2403 1071 2486 profirndo,

264 2509 361 2598 fratre¹
380 2511 482 2574 tamen
503 2512 631 2572 conante
654 2509 754 2591 sequi:
776 2528 848 2570 mox
870 2509 953 2570 stare
974 2509 1121 2590 paventes

265 2614 383 2675 viderat
404 2613 521 2676 intenta
540 2632 636 2695 puero
658 2632 747 2689 nece,
770 2631 863 2694 seque
885 2612 1050 2674 trementes

267 2734 412 2799 spargere
434 2716 526 2778 caede
543 2733 650 2776 manns
672 2717 704 2777 et
723 2713 838 2776 lumina
858 2733 999 2795 rumpere
1018 2715 1099 2776 fletu.
1224 2718 1289 2779 340

285 3005 335 3052 320
353 3001 443 3050 Annua
460 3001 502 3060 H,
521 3001 624 3050 Annuet
642 3017 667 3050 n
751 2998 907 3049 inexorabile
925 3015 962 3050 n:
980 2998 1106 3050 exorabile
1128 3001 1155 3052 V
1224 3001 1289 3051 terte

184 3087 210 3138 V
319 3090 368 3136 321
390 3085 431 3136 sin
450 3084 515 3134 sorte
534 3087 657 3135 tuendus
761 3099 864 3149 praeces
887 3087 913 3136 V
1029 3089 1080 3136 322
1097 3085 1235 3149 Respncrit
1252 3102 1290 3138 ns:

179 3171 310 3235 Respuent
330 3173 357 3223 V
440 3173 533 3221 tunes
619 3169 717 3220 firmate
733 3184 770 3218 m:
788 3169 889 3220 firmata
909 3172 935 3224 V
1035 3174 1085 3220 323
1104 3169 1147 3221 via
1162 3172 1201 3220 est
1212 3175 1290 3236 flata

180 3270 235 3306 eum
251 3269 325 3304 uersu
341 3258 463 3306 sententia
482 3265 521 3322 ψ,
544 3259 610 3318 quad
620 3257 735 3318 probauit
753 3256 913 3303 Burmannus
1015 3257 1067 3304 324
1084 3253 1182 3319 potius]
1198 3257 1290 3320 procul

180 3343 207 3391 et
223 3341 283 3392 Ata.
372 3355 452 3408 pavor
469 3341 528 3390 Ata.
624 3339 686 3390 stris
702 3340 736 3389 H
816 3337 892 3389 rebus
910 3337 993 3403 pudor
1011 3337 1078 3389 absit
1094 3339 1123 3390 in
1138 3341 1200 3390 artis
1218 3343 1289 3393 laese

179 3426 313 3477 &sitinus
338 3431 413 3477 7647.
447 3426 553 3475 Heinsio
579 3434 645 3476 totus
670 3424 710 3474 bie
732 3439 818 3474 uersus
842 3437 892 3484 pro
914 3424 1053 3474 wultesino
1077 3426 1198 3478 tollendus
1222 3429 1289 3478 vids-

179 3511 253 3560 latur
338 3514 387 3560 323
406 3508 470 3574 legit
484 3513 607 3561 Heinsius
695 3515 746 3562 323
764 3508 916 3560 exterritae
1001 3511 1051 3558 332
1069 3507 1224 3563 lustratiaV

179 3592 277 3644 lumina
292 3593 314 3642 0
328 3601 351 3642 st
368 3598 442 3644 eada
459 3598 599 3646 Bunmnns'
701 3601 751 3648 335
769 3610 862 3661 parens
880 3597 918 3645 uei
935 3593 1019 3644 solens
1035 3595 1172 3655 Heinsius,
1198 3610 1290 3660 parum

179 3677 354 3738 finitumus
369 3681 481 3732 ωπον.
501 3680 606 3733 am
625 3687 673 3746 12,
694 3687 726 3733 53
828 3683 944 3732 umecta
967 3681 993 3734 V
1111 3679 1289 3732 3373110131-

180 3762 277 3829 stipata
300 3764 432 3814 &bellicen
449 3770 601 3818 adsentiente
617 3769 723 3818 Heinsio
770 3760 773 3764 ’
826 3770 877 3817 333
896 3763 975 3816 babo
992 3769 1077 3817 temen
1093 3767 1199 3814 conante
1218 3767 1290 3832 sequi

181 3848 292 3912 widem
310 3851 339 3898 in
355 3852 467 3912 antiquis
486 3855 661 3915 eunapiasn'lus
685 3855 793 3902 anonae
809 3853 921 3902 iectionis
945 3853 1006 3901 Pius
1023 3853 1073 3917 lapi
1089 3850 1179 3912 dudd:
1198 3852 1291 3904 Frater

180 3935 208 3985 et
224 3947 297 3984 amen
321 3939 440 3984 conantes
466 3936 509 4001 qui
531 3939 587 3988 VM
607 3941 648 4002 (in
668 3940 694 3990 V
707 3955 738 3989 m.
758 3953 804 3986 see.
824 3939 891 3987 inter
909 3952 922 3987 s
942 3944 965 3986 st
983 3952 999 4001 q
1015 3939 1110 3986 addidit
1128 3935 1169 4002 e),
1199 3935 1290 3988 Ibam

181 4021 208 4070 et
227 4033 300 4070 amne
317 4019 388 4084 sequi
404 4021 492 4070 nantes
510 4022 589 4080 Bon,
612 4021 762 4072 Fraternam
779 4025 886 4072 mortem
905 4023 962 4071 ante
980 4020 1052 4084 sequi
1069 4021 1145 4070 Ala·
1223 4027 1293 4074 stare

181 4112 218 4171 ep:
242 4106 311 4154 stara
333 4106 358 4156 V
459 4109 509 4157 333
528 4118 608 4171 puero
625 4108 836 4168 Bussmbardtins
851 4109 868 4156 l.
889 4108 906 4155 l.
929 4121 958 4166 p.
978 4109 1041 4156 33οι
1065 4119 1158 4171 pueros
1180 4109 1215 4160 Ve
1233 4109 1290 4175 (pa-

180 4191 276 4240 ventes
291 4204 316 4239 u.
335 4194 386 4240 338
410 4190 569 4257 Arusianus
592 4194 713 4258 intellepit
736 4188 958 4253 Eyssenhardtius)
1063 4192 1197 4242 sementes
1222 4197 1291 4246 Bur·

180 4288 302 4325 mannus:
325 4276 474 4327 numentum
497 4278 528 4342 V,
552 4278 700 4330 sementum
717 4277 774 4339 He,
798 4272 966 4327 menendum!
988 4274 1148 4339 Wakpteidus
1164 4282 1199 4330 ad
1213 4281 1289 4335 Lau.

181 4357 224 4409 m
237 4363 312 4494 iuliis,
334 4445 386 4490 var.
400 4444 436 4488 m.
830 4457 836 4469 ·
1043 4433 1084 4491 10
