3086 4968
259 441 372 481 LXXVIII
697 440 924 482 rabamomou

256 611 289 669 io
313 611 442 692 ternpore
469 607 635 668 reotimime
657 607 777 688 lchtur.
816 608 929 670 erravit
957 610 1058 670 autem
1079 608 1272 674 Burmannus
1292 633 1361 678 oum

257 712 363 780 funos
384 710 561 790 glossatoris
585 731 654 772 csse
676 711 809 773 dicebat:
833 714 881 773 cst
900 711 1001 794 potius
1020 713 1243 794 interpolatoris
1262 717 1360 779 ouius·

256 812 326 874 dam
347 813 613 894 impudentissimi,
642 814 693 895 qui
715 816 778 876 sola
804 817 904 876 motus
928 817 1064 876 mutandi
1085 817 1208 878 libidine
1231 839 1248 880 e
1268 839 1360 884 versu

258 919 320 978 226
345 918 523 998 scripturam
543 916 625 977 illam
638 916 697 978 huc
708 919 862 980 inferebat·
879 952 914 964 -
940 918 971 980 V
984 923 1047 981 390
1061 919 1155 1001 adque
1167 921 1258 984 habet
1273 923 1359 985 Vati·

255 1037 359 1095 canus,
381 1019 532 1082 Carrionis
547 1020 643 1080 codex
659 1021 711 1084 sed
732 1025 767 1099 ct,
790 1021 868 1103 quod
885 1021 955 1101 quid
970 1021 1026 1082 sibi
1040 1023 1115 1083 velit
1128 1041 1189 1085 nou
1200 1025 1360 1106 intellego;

257 1123 349 1183 animi
376 1127 458 1184 certa
482 1121 727 1202 Argonautarum
756 1143 816 1184 non
850 1123 949 1184 minus
979 1123 1114 1203 ipsorum
1139 1128 1239 1204 erant,
1271 1145 1359 1208 quam

256 1226 370 1287 relicua
399 1245 476 1306 quae
506 1225 708 1306 possidebant.
731 1261 773 1274 -
795 1228 843 1290 VI
869 1229 932 1288 432
959 1243 1061 1288 saevos
1089 1227 1121 1286 ct
1139 1247 1168 1289 v.
1192 1232 1255 1292 433
1283 1235 1360 1294 sera'a

256 1329 326 1390 dedi
347 1327 533 1406 eVaticano,
555 1348 622 1390 cum
635 1329 827 1392 Burmannus
847 1331 909 1393 illio
926 1347 1019 1406 seraa,
1040 1328 1090 1390 hio
1110 1333 1206 1392 acacia
1226 1331 1358 1394 scribens

257 1431 409 1495 Carrionis
444 1431 574 1493 codicem
608 1433 709 1514 inepte
741 1435 862 1494 secutus
895 1433 942 1492 sit.
985 1433 1114 1511 possunt
1146 1432 1266 1513 quidem
1294 1427 1369 1500 irae¹

131 1536 135 1544 '
255 1534 371 1598 Aeetae
391 1556 476 1598 aerae
497 1535 572 1611 dici,
599 1535 678 1616 quod
701 1537 860 1616 antequam
882 1519 1013 1616 aperiret
1035 1554 1087 1596 cas
1109 1534 1227 1596 Iasonis
1248 1536 1358 1598 auxilio

254 1659 329 1701 usus
352 1641 415 1715 cst,
437 1640 493 1700 sod
512 1639 563 1700 ubi
586 1639 720 1721 quaestio
743 1639 854 1715 existit,
878 1644 980 1701 utrum
1001 1638 1126 1700 Iunonis
1149 1639 1299 1717 querellas
1318 1655 1358 1700 an

255 1742 371 1804 Aeetae
400 1743 461 1804 iras
484 1761 567 1803 seraa
593 1743 692 1804 dicere
714 1743 816 1818 malis,
845 1742 920 1803 illud
946 1743 1099 1822 praeferre
1119 1759 1178 1802 non
1200 1741 1356 1804 dubitabis.

254 1845 379 1907 Iunonis
399 1846 478 1906 onim
499 1847 649 1928 querellae
670 1865 704 1906 re
726 1865 799 1907 vera
823 1847 896 1906 sunt
917 1864 1020 1922 cerac,
1042 1845 1148 1926 quibus
1168 1864 1229 1906 non
1249 1845 1358 1907 efficia·

253 1953 318 2030 tur,
341 1935 376 2014 nt
390 1952 546 2014 Vulcanus
567 1953 670 2012 tauros
693 1969 764 2010 suos
787 1968 804 2008 e
827 1948 953 2009 stabulis
968 1948 1083 2011 Aeetae
1106 1948 1243 2010 abducat
1279 1954 1357 2012 oete·

253 2072 321 2114 rum
338 2073 398 2115 non
419 2054 628 2134 neglegendus
649 2055 697 2114 cst
716 2069 888 2127 consensus,
910 2052 960 2132 qui
980 2050 1061 2113 inter
1077 2051 1228 2116 Oariiouis
1247 2053 1357 2114 librum

253 2161 302 2220 est
323 2162 355 2220 ct
376 2158 588 2221 Monacensem
609 2158 641 2219 iu
662 2177 755 2219 versu
778 2160 841 2219 433
865 2139 941 2221 celat
959 2157 1200 2235 cxliibcntem*).

355 2260 393 2322 In
421 2263 559 2324 versibus
582 2262 712 2342 aliquot,
741 2261 772 2322 in
799 2261 907 2340 quibus
930 2259 1069 2322 Vaticani
1096 2263 1268 2324 testimonia
1293 2281 1355 2324 oor-

252 2365 343 2442 rupta
364 2365 449 2441 sunt,
475 2385 512 2427 ca
539 2385 616 2446 qnae
638 2364 740 2441 Carrio
769 2384 787 2424 e
809 2365 885 2426 libro
911 2384 966 2426 suo
989 2365 1072 2426 dedit
1090 2364 1205 2426 Valerii
1227 2368 1291 2426 arte
1312 2365 1356 2425 in·

251 2467 344 2546 digua
369 2473 439 2531 sunt
465 2487 590 2549 eamque
622 2451 659 2530 ob
691 2485 812 2528 causam
837 2467 958 2546 ingenio
979 2468 1106 2528 hominis
1129 2467 1254 2529 alicuius
1276 2467 1356 2529 docti

251 2571 425 2648 tribuenda,
455 2572 507 2651 qui
528 2591 597 2632 cum
618 2572 692 2632 artis
712 2571 831 2632 criticae
853 2571 978 2649 ignarus
1000 2575 1096 2646 esset,
1116 2571 1255 2632 Vaticani
1275 2572 1355 2634 litte

249 2672 301 2748 ris,
323 2692 340 2733 c
362 2673 469 2753 quibus
491 2673 540 2734 alii
555 2673 671 2734 Valerii
693 2691 814 2734 manum
832 2675 983 2748 eruerunt,
1006 2676 1051 2736 uti
1069 2675 1230 2736 nesciebat.
1258 2674 1351 2736 1141
1443 2747 1446 2754 ¹

249 2774 377 2839 Atracia
410 2795 428 2838 a
456 2775 647 2839 Monacensis
675 2796 767 2838 manu
796 2775 928 2838 secunda
956 2775 1079 2838 Valerio
1110 2778 1262 2840 redditum
1299 2782 1354 2840 est.

249 2882 333 2941 racia
354 2880 467 2958 legitur
487 2879 519 2939 in
541 2878 701 2954 Vaticano,
728 2880 760 2940 in
781 2878 883 2940 codice
906 2877 1058 2940 Carrionis
1078 2882 1211 2943 extructo
1231 2881 1354 2961 ineptis-

199 3021 203 3032 ·
248 2981 331 3042 sime.
353 2984 436 3044 -1
458 2988 520 3046 157
543 2986 636 3066 eripit
656 2982 799 3044 Valerius
822 2981 959 3062 scripsit,
986 2982 1066 3060 quod
1087 2983 1118 3042 iu
1142 2982 1286 3046 Vaticano
1311 2983 1354 3044 ita

247 3086 445 3148 deformatum
473 3089 535 3164 est,
562 3091 597 3150 ut
626 3088 708 3168 oepit
727 3085 862 3162 legatur.
896 3083 928 3144 iu
950 3083 976 3146 0
995 3084 1051 3146 fuit
1069 3089 1156 3167 perit
1182 3121 1220 3132 -
1251 3086 1350 3148 1271

246 3191 316 3253 inde
336 3212 383 3254 me
402 3193 493 3254 habet
508 3191 683 3266 Vaticanus,
702 3189 783 3249 unde
802 3187 834 3248 in
857 3185 1031 3250 Monacensi
1051 3190 1162 3251 factum
1178 3191 1247 3253 inde
1260 3211 1351 3267 mero,

246 3294 315 3356 inda
342 3298 408 3358 cicc
434 3297 465 3357 in
495 3293 641 3356 Vaticano
673 3295 791 3370 1614„
810 3290 878 3352 abde
906 3294 1004 3373 mcpis
1030 3292 1060 3353 in
1087 3294 1163 3355 libro
1193 3293 1352 3355 Carriooia

246 3400 348 3459 utrum
375 3402 472 3480 mopis
501 3417 539 3458 an
570 3400 636 3459 ciue
664 3393 869 3476 recipiendum
901 3392 941 3452 sit
970 3393 1138 3471 quaeritur;
1169 3414 1240 3457 nam
1271 3415 1352 3457 mero

246 3500 330 3560 nihili
350 3505 404 3562 est.
434 3500 572 3582 equidem
586 3499 767 3560 Vaticanum
789 3501 872 3560 1614
895 3498 1018 3559 mrbus
1041 3516 1116 3574 sum,
1128 3499 1258 3579 primum
1272 3499 1351 3580 quod

245 3604 311 3664 vice
333 3604 471 3665 vocabuli
492 3604 600 3664 duetus
619 3603 658 3662 ad
672 3621 718 3664 me
728 3599 852 3681 propius
868 3600 1022 3675 accedunt,
1043 3602 1151 3664 deinde
1166 3603 1246 3684 quod
1260 3603 1351 3664 auda·

245 3703 307 3782 cia,
338 3723 398 3784 qua
424 3707 507 3769 color
528 3707 594 3768 voci
615 3704 736 3766 insolite
761 3701 878 3782 quidem
901 3703 954 3762 sed
975 3705 1116 3768 latinitati
1137 3705 1351 3768 convenienter

245 3807 406 3888 genetirus
428 3809 547 3870 iunctus
575 3812 638 3884 est,
671 3807 779 3868 cadere
808 3805 968 3867 videbatur
992 3807 1023 3868 iu
1044 3809 1158 3871 Valerii
1187 3810 1349 3888 ingenium.

245 3915 349 3973 contra
370 3915 467 3994 mapa
485 3911 568 3974 color
588 3911 708 3973 additus
720 3929 792 3971 num
815 3908 907 3968 latine
919 3911 1033 3971 dictum
1055 3913 1104 3990 sit,
1124 3913 1240 3987 dubito;
1263 3931 1349 3993 prac-

245 4017 340 4077 starct
351 4019 432 4078 certe
441 4017 545 4078 maior.
572 4013 761 4093 Peerlkampi
775 4011 945 4073 coniectura
958 4015 1095 4077 comibus
1105 4017 1173 4078 inde
1186 4019 1296 4078 animia
1305 4017 1348 4077 in-

125 4139 137 4148 ·
245 4120 370 4195 geniosa
386 4120 504 4201 quidem
519 4121 575 4196 est,
594 4117 646 4178 sed
663 4117 804 4178 audacior
817 4135 906 4197 qnam
921 4135 997 4196 quae
1011 4119 1232 4200 1661616666-
1243 4120 1277 4180 Π
1286 4123 1347 4181 166

347 4283 373 4350 “)
399 4282 542 4334 conferatur
570 4281 644 4332 etiam
666 4278 796 4330 adnotatio
816 4276 905 4328 critica
928 4275 961 4325 ad
984 4275 1011 4328 II
1032 4283 1097 4343 159,
1115 4285 1180 4342 214,
1202 4286 1268 4344 ³96,
1289 4251 1352 4332 547.Ι

242 4367 284 4417 111
302 4372 366 4434 aro,
387 4374 445 4419 aaa.

159 4636 896 4938 nn
