3110 4972
685 431 709 472 o.
724 400 832 474 viuum
845 429 946 472 miser

354 583 408 646 vix
429 584 591 660 steterant,
613 584 645 644 et
660 581 721 644 iam
742 603 812 646 9999
833 586 927 646 ruunt
945 578 1118 664 indictaque
1139 584 1201 644 late
1240 645 1244 652 ,

355 690 443 766 terga
464 689 587 762 sonant3
609 705 689 748 nova
710 686 905 762 visitarem,
925 704 1151 766 novaoorpora
1172 689 1309 766 surgunt.

354 789 434 850 huno
454 791 568 871 pudor,
589 789 669 850 huno
687 791 758 850 noto
777 789 839 858 iam
861 809 932 870 spes
949 789 1107 850 audentior
1125 790 1213 852 hoste

353 892 528 955 instimulat
570 891 687 952 amant
708 893 812 954 erebro
836 893 1012 973 praecordia
1032 893 1130 973 pulsu
1306 894 1370 954 285

247 1004 250 1011 “
353 996 422 1058 avia
443 997 624 1076 responsant
645 995 761 1074 gemitu
781 997 869 1076 iuga:
892 995 1023 1078 pervigil
1043 998 1079 1056 ut
1101 1014 1170 1056 oum
1274 1031 1279 1038 ·

264 1149 267 1154 .
354 1097 484 1160 artilioes
505 1101 587 1160 rotat
607 1115 703 1178 usque
726 1119 832 1161 manus
855 1101 887 1162 et
907 1099 1031 1162 fulmina
1053 1095 1183 1178 Cyclops

353 1200 537 1281 prosubigit,
559 1201 654 1284 pulsis
675 1201 836 1282 strepitant
856 1201 1014 1264 incudibus
1035 1202 1135 1262 urbe'e.

352 1304 460 1368 emieat
482 1304 531 1366 hio
551 1305 749 1383 dextramque
770 1307 861 1385 parat
882 1305 1082 1384 dextramque
1103 1303 1234 1364 minatur

356 1405 561 1487 Tyndaridem
581 1406 661 1467 redit
681 1405 740 1469 hue
760 1407 855 1468 oeulis
875 1410 907 1469 et
926 1407 1059 1489 pondere
1081 1406 1208 1489 Bebryx
1309 1407 1373 1466 290

355 1510 522 1589 eiuratio,
543 1509 594 1572 ille
616 1511 718 1571 autem
739 1511 829 1572 aeleri
849 1511 929 1592 rapit
953 1529 1006 1572 ora
1027 1510 1156 1572 sinistra

245 1654 250 1661 ·
353 1613 539 1675 conclamant
557 1612 636 1682 sosii
655 1615 687 1674 et
708 1613 822 1675 subitas
845 1614 918 1676 dant
939 1612 1050 1692 gaudia
1071 1632 1169 1680 voees.

352 1716 438 1778 illum
458 1717 613 1798 insperata
633 1716 787 1778 turbatum
808 1715 913 1778 fraude
933 1718 1141 1798 fluentemque
1218 1765 1220 1770 .

354 1815 515 1881 Oebalides
537 1818 633 1901 prima
654 1819 768 1897 refugit
787 1820 859 1880 dum
878 1821 1003 1881 detonet
1022 1820 1077 1895 ira,

353 1923 479 1983 territus
502 1923 568 2004 ipse
591 1923 683 1984 etiam
703 1922 802 2003 adque
820 1922 953 2002 ingentis
974 1925 1111 1986 oonsoius
1132 1920 1206 1986 ausi.
1307 1923 1369 1982 295

340 2024 452 2086 saevit
472 2025 560 2107 inops
582 2025 718 2106 Amycus
740 2025 822 2086 nullo
845 2025 1014 2091 discrimine
1035 2046 1104 2089 seso

352 2128 568 2209 praeeipitans,
591 2129 756 2208 avidusque
774 2128 832 2189 viri
852 2131 1017 2211 (respectat
1039 2132 1166 2192 ovantes

352 2230 463 2312 quippe
486 2234 591 2312 procul
609 2231 743 2313 Minyas)
764 2233 927 2313 caestuque
950 2235 1048 2295 elatus
1069 2235 1198 2314 utroque

352 2334 453 2396 inruit.
496 2335 645 2398 hosinter
666 2334 775 2396 Pollux
796 2335 877 2396 subit
899 2338 930 2396 et
951 2336 1043 2397 trusis
1063 2337 1143 2396 ultro

353 2438 475 2501 advolat
496 2458 549 2500 ora
570 2438 641 2501 viri:
662 2457 720 2500 neo
745 2457 816 2518 spes
839 2438 959 2516 effecta,
982 2439 1036 2499 sed
1057 2439 1162 2499 ambae
1308 2440 1371 2500 300

351 2541 510 2622 inpactus
532 2541 666 2602 oeoidere
688 2535 803 2626 manus.
847 2541 904 2603 hoo
926 2541 1045 2602 saevior
1065 2541 1117 2601 ille

353 2664 423 2708 eooe
443 2643 552 2705 iterum
570 2661 683 2704 vaeuas
706 2644 772 2721 agit
792 2643 961 2705 inconsulta
981 2664 1037 2725 per
1059 2662 1148 2706 auras

351 2747 496 2811 bracchia
540 2745 633 2806 sentit
654 2745 733 2806 enim
752 2744 861 2807 Pollux
882 2747 1005 2808 rationis
1028 2748 1177 2826 egentem,

299 2831 305 2842 ¹
353 2853 407 2914 dat
428 2850 557 2931 genibus
578 2848 687 2910 iuuetis
707 2849 787 2910 latus
808 2849 993 2933 effusumque
1015 2852 1137 2912 secutus

369 3113 418 3160 282
436 3109 559 3157 steterant
577 3107 636 3156 sz
660 3108 756 3156 sterant
777 3107 802 3157 V
885 3104 937 3155 iam
955 3121 999 3155 uu.
1018 3107 1043 3156 P
1160 3106 1210 3153 285
1229 3098 1371 3150 instimulat

264 3196 325 3247 Ala.
345 3211 371 3245 u:
396 3193 557 3244 hstimrdaut
581 3194 629 3243 VP
730 3195 778 3242 282
798 3189 907 3242 artifices
925 3193 995 3240 rotat
1014 3202 1093 3253 usque
1117 3189 1223 3250 scripsi:
1246 3184 1370 3234 artificum

264 3283 418 3395 9999191ςῖ,
447 3331 581 3382 Artificum
606 3332 693 3380 notata
717 3332 743 3378 et
764 3331 808 3390 Μ,
833 3328 1013 3391 artificumque
1036 3326 1124 3375 notata
1150 3325 1212 3389 Ρψ,
1237 3321 1370 3372 Artificum

264 3425 336 3472 notat
353 3419 409 3485 ipse
423 3419 454 3477 0,
472 3416 653 3480 Artifieumque
670 3417 755 3464 rotata
766 3417 840 3473 Pius,
859 3413 992 3464 Artiflwm
1009 3413 1047 3461 uel
1062 3408 1178 3460 Fabriles
1194 3409 1370 3460 movetAetna

264 3506 400 3563 Heinsius,
418 3501 552 3552 Artificum
568 3503 685 3551 revetata
701 3501 740 3549 uel
756 3503 877 3550 renovata
893 3501 931 3548 oet
947 3496 1079 3547 Artifieum
1090 3497 1168 3546 novat
1183 3493 1369 3559 ipssBunuau-

264 3605 319 3640 uus.
357 3585 389 3648 qs.
410 3589 583 3649 Peerlkampue
599 3588 632 3636 ad
653 3587 726 3649 Vera.
744 3587 809 3634 Aen.
835 3583 887 3636 VII
905 3588 954 3635 629
1023 3582 1112 3631 itinera
1129 3583 1154 3631 P
1254 3585 1305 3630 289
1321 3579 1370 3629 hae

262 3677 288 3726 P
344 3672 478 3737 dextraque
495 3675 571 3732 Pius,
589 3671 735 3735 laevamque
751 3672 874 3720 Huuuus
944 3672 994 3719 290
1012 3667 1102 3734 bebi-ys
1118 3669 1144 3718 P
1209 3669 1259 3715 291
1278 3663 1369 3713 Irritus

263 3764 290 3810 iu
309 3761 405 3822 priscis
424 3761 543 3809 codicibus
558 3758 609 3822 topi
625 3759 687 3807 Pius
703 3757 843 3814 adnotavit,
861 3755 975 3816 protavit
993 3754 1113 3802 Heinsius
1215 3753 1265 3800 293
1284 3748 1369 3800 fureu-

260 3850 313 3896 tam
330 3848 356 3896 P
383 3901 386 3908 ¹
473 3847 523 3892 297
543 3840 718 3905 Praecipitare
737 3856 774 3890 m:
800 3839 975 3904 Praecipitant
997 3840 1028 3898 V,
1045 3835 1193 3900 Preripiant
1209 3837 1234 3886 P

263 3936 314 3983 298
331 3933 397 3981 iuter
415 3929 515 3997 Minyas
535 3935 558 3976 et
577 3928 662 3976 euasti
681 3929 768 3976 habeut
785 3928 845 3976 tune
857 3926 914 3976 VH
927 3926 967 3986 (iu
979 3926 1013 3974 Μ
1021 3930 1080 3987 post
1096 3919 1211 3988 delstmu)
1271 3922 1370 3970 caestu·

262 4032 310 4084 que
328 4017 408 4067 elatus
425 4017 559 4066 Heinsius:
577 4014 662 4061 easstu
679 4011 777 4062 uelatus
799 4013 871 4069 VP0‚
896 4007 1004 4061 uallatus
1022 4022 1074 4057 9999
1091 4007 1136 4068 qui
1158 4007 1291 4056 arritum
1308 4008 1370 4056 Pius

261 4104 394 4153 adnotavit.
425 4103 510 4165 porris
528 4107 551 4148 et
568 4099 715 4160 caesinaque
733 4096 813 4146 elatus
831 4099 950 4160 utrosque
1052 4097 1102 4144 299
1119 4091 1199 4141 trucis
1218 4093 1276 4142 sz
1297 4095 1369 4142 trus

262 4189 300 4242 oia
322 4191 348 4242 V
463 4191 513 4237 300
531 4182 678 4241 92919099,
704 4180 800 4232 (1919919
812 4183 853 4239 ,vot
870 4181 976 4244 decepta
991 4181 1126 4238 Heinsius,
1150 4176 1252 4242 expleta
1274 4177 1369 4228 Witbo-

257 4280 311 4341 flur
414 4277 463 4324 301
482 4269 513 4320 ln
528 4270 617 4335 peetus
633 4282 671 4316 m:
691 4266 823 4332 Inspectus
844 4269 874 4328 V,
895 4266 1015 4329 inspeotu
1032 4267 1057 4316 P
1122 4261 1250 4314 oaeeidere
1273 4263 1298 4314 V

264 4363 313 4410 309
331 4356 442 4408 Brachia
464 4358 490 4408 V
553 4353 620 4404 enim
636 4352 713 4404 eenfit
731 4355 756 4404 P
822 4350 901 4417 euim]
920 4365 977 4402 eum
994 4351 1054 4401 ΑΜ.
1086 4345 1198 4410 sortasse
1215 4345 1259 4398 ubi
