3086 4968
259 467 296 508 VI
704 462 932 503 raozasorffluom

263 633 329 696 vn
352 635 410 708 aa,
431 634 481 694 ar.
515 628 595 691 vm
616 629 673 707 45,
700 634 750 691 so.
787 628 838 690 ix
860 633 919 705 55,
941 632 991 690 oo,
1028 627 1061 688 x
1077 624 1129 689 48.
1157 627 1203 706 (x
1228 631 1291 688 104
1314 648 1368 708 pro

263 734 372 799 Macco
393 755 421 796 r.
438 739 454 796 1
471 735 503 794 et
518 732 665 794 Flaccum
685 751 714 792 r.
729 736 769 792 12
787 733 886 794 Flam
906 735 938 793 et
953 732 1085 795 Flavum
1106 749 1124 791 a
1145 729 1230 792 libris
1248 729 1370 792 Schnei·

263 837 402 901 dewiuus
422 833 567 913 restituit)
588 832 639 894 XI
652 837 719 910 27,
741 838 796 913 80,
816 836 874 911 95,
898 838 953 910 98,
983 833 1084 912 (huius
1104 834 1137 894 in
1161 852 1254 894 versu
1273 833 1371 914 primo

263 943 334 1004 olim
354 943 451 1005 Basse
470 939 638 1017 legebatur,
659 956 713 1017 pro
735 957 793 1018 quo
809 937 922 1000 Flacco
942 957 959 997 e
975 937 1111 999 Palatino
1125 934 1372 998 Schneidewiuus

200 1116 212 1132 .
264 1043 360 1123 aeus)
383 1047 455 1119 1oo,
474 1045 545 1103 101.
573 1039 640 1100 ΧΗ
662 1042 710 1102 74.

365 1146 432 1208 Iam
452 1144 582 1227 primum
604 1147 657 1205 aut
676 1143 804 1204 Flaccus
820 1141 969 1204 Martialis
991 1143 1104 1204 amicus
1125 1161 1186 1204 nou
1207 1141 1264 1202 fuit
1280 1139 1371 1202 Vale-

265 1249 346 1325 rius,
374 1253 509 1311 autnon
536 1247 633 1308 eidem
654 1247 763 1308 Flacco
785 1244 884 1306 omnia
903 1245 954 1306 illa
976 1245 1106 1308 carmina
1124 1243 1269 1324 inscripta
1291 1246 1370 1304 suut

265 1352 399 1414 deminus
426 1351 505 1412 euim
525 1349 673 1410 Martialis
701 1349 777 1410 liber
796 1347 901 1410 Nerva
927 1347 1109 1428 imperante,
1140 1346 1317 1408 undecimus
1340 1348 1373 1406 et
1485 1423 1490 1432 ι

266 1453 459 1515 duodecimus
487 1454 543 1514 sub
565 1451 694 1513 Traiano
722 1455 755 1513 et
782 1450 976 1513 duodecimus
1005 1451 1125 1531 quidem
1153 1452 1313 1530 postquam
1340 1449 1372 1509 in
1405 1489 1408 1505 .

265 1555 442 1637 Hispaniam
464 1557 556 1637 poeta
574 1554 664 1615 rediit
681 1555 754 1616 editi
782 1557 853 1616 sunt
873 1555 921 1632 (cf.
943 1552 1202 1615 Schneidewinum
1227 1553 1259 1614 in
1280 1551 1372 1612 maio·

139 1745 144 1754 ¹
265 1660 308 1720 ris
331 1659 469 1735 editionis
482 1657 606 1722 Grimae
623 1663 706 1720 1842
730 1659 966 1739 prolegomenon
977 1676 1041 1738 cap.
1059 1657 1077 1717 Ι
1095 1679 1123 1739 p.
1140 1656 1212 1735 ΠΙ),
1230 1656 1372 1717 Valerius

267 1763 368 1822 autem
389 1763 460 1822 ante
482 1781 592 1824 annum
608 1765 650 1822 90
663 1780 691 1841 p.
707 1757 740 1821 C.
753 1780 782 1822 n.
803 1764 940 1822 mortuus
962 1766 1017 1822 est.
1052 1761 1107 1821 sed
1128 1779 1166 1823 ea
1186 1761 1277 1822 etiam
1296 1779 1373 1840 quae

265 1863 427 1926 Domitiani
449 1865 633 1946 temporibus
656 1865 695 1924 ad
716 1863 858 1926 Flaccum
879 1864 1026 1926 Martialis
1050 1865 1135 1925 dedit
1156 1864 1373 1944 epigrammata

267 1969 306 2030 ad
335 1968 492 2031 Valerium
524 1989 597 2029 num
624 1969 697 2029 data
725 1966 786 2028 sint
815 1967 988 2045 ambiguum
1017 1968 1145 2030 ridetur.
1182 1985 1311 2046 namque
1338 1970 1373 2026 ut

265 2073 384 2133 mittam
405 2073 494 2153 primi
515 2072 583 2134 libri
599 2085 724 2132 carmen
746 2069 1027 2148 quinquagesimum
1044 2089 1164 2149 nonum,
1186 2090 1245 2150 quc
1267 2071 1306 2131 de
1321 2048 1372 2130 're-

266 2178 323 2237 bus
351 2175 452 2237 Flacci
483 2175 558 2236 nihil
592 2174 751 2251 discimus,
781 2172 1004 2254 septuagesimo
1033 2176 1122 2235 sexto
1150 2193 1218 2235 cum
1245 2174 1373 2235 suadeat

265 2279 412 2342 Martialis
436 2279 540 2352 amico,
561 2279 596 2338 ut
616 2296 744 2357 poeseos
767 2276 866 2337 studio
885 2275 966 2355 quod
985 2274 1157 2338 divitiarum
1175 2277 1249 2338 nihil
1266 2275 1373 2338 afferat

265 2382 369 2446 relicto
399 2385 499 2445 causis
528 2380 655 2459 agendis
685 2398 807 2460 operam
834 2379 899 2456 det,
928 2378 960 2438 in
990 2382 1128 2457 egestate
1162 2380 1247 2441 illum
1277 2381 1373 2442 fuisse

266 2487 448 2566 interpretes
477 2487 543 2547 iure
575 2483 773 2544 coniecerunt
809 2481 840 2541 id
861 2480 940 2558 quod
968 2497 1028 2540 uon
1060 2482 1141 2543 cadit
1163 2484 1196 2544 in
1217 2483 1373 2545 Valerium

267 2588 424 2662 Flaccum
454 2587 505 2666 qui
538 2605 606 2646 cum
638 2605 656 2645 e
681 2581 923 2661 quindecimviris
950 2582 1043 2642 sacris
1069 2584 1214 2648 faciundis
1243 2589 1325 2647 esset
1341 2585 1373 2666 ⁴⁵)

268 2691 314 2766 (cf.
327 2691 442 2770 Argon.
466 2688 483 2748 I
504 2693 523 2750 5
544 2689 633 2768 sqq),
654 2687 687 2746 in
713 2686 893 2766 paupertate
915 2685 1009 2746 vitam
1028 2687 1149 2767 degisse
1176 2708 1237 2750 uon
1262 2689 1373 2770 potest,

267 2813 338 2855 nam
367 2794 538 2856 sacerdotes
565 2790 700 2872 publicos
722 2788 825 2868 populi
848 2787 996 2864 Romani,
1022 2790 1103 2851 inter
1127 2811 1204 2870 quos
1225 2795 1312 2854 eraut
1330 2792 1374 2853 illi

270 2896 504 2976 quindecimviri,
520 2916 594 2976 agro
609 2893 728 2976 publico
745 2891 910 2952 instructos
926 2890 1020 2952 fuisse
1038 2898 1142 2956 nobum
1160 2896 1209 2954 est
1231 2895 1278 2968 (ci.
1293 2895 1374 2956 Mar·

272 3001 402 3079 quardtii
423 3001 533 3081 antiqu.
547 2999 634 3060 Rom.
652 2996 762 3057 enchir.
776 2992 827 3054 111
845 2997 904 3072 2p.
921 2995 961 3053 66
979 3012 1042 3073 sqq.
1059 2997 1091 3054 et
1104 2994 1151 3057 IV
1167 3017 1196 3077 p.
1211 3001 1271 3059 171
1289 2999 1375 3077 sqq).

270 3124 368 3185 neque
397 3106 535 3165 extrema
562 3095 788 3182 epigrammatis
819 3095 900 3157 illius
930 3096 1024 3157 rerba
1051 3101 1083 3159 ot
1112 3101 1226 3161 circam
1252 3101 1374 3184 pulpito

270 3212 371 3270 nostro
399 3207 435 3285 (i.
452 3226 478 3267 e.
499 3225 567 3267 mea
590 3209 623 3266 et
641 3205 714 3282 tua)
739 3205 768 3263 et
794 3201 912 3262 aare
939 3200 1095 3264 cathedras
1118 3203 1202 3264 bosio
1222 3203 1288 3264 soto
1315 3222 1376 3264 cre·

265 3313 342 3392 pant
378 3310 416 3372 ad
447 3309 575 3390 lyricum
607 3307 705 3388 magis
740 3323 828 3384 quam
860 3304 898 3364 ad
926 3303 1043 3382 epicum
1072 3309 1192 3384 poetam
1224 3304 1375 3384 pertinere

199 3399 202 3404 ¹
269 3412 438 3490 negabitur.
477 3413 544 3493 quis
570 3411 648 3471 enim
674 3409 766 3470 talem
788 3406 885 3468 animo
917 3425 971 3467 suo
999 3406 1158 3469 informare
1184 3409 1295 3489 poterit
1313 3409 1375 3489 opi·

252 3513 408 3589 pionem,
444 3516 479 3574 ut
506 3512 778 3593 Argonauticorum
810 3511 918 3590 poetae
952 3508 1046 3569 basiis
1076 3526 1095 3571 a
1121 3513 1246 3593 pulchra
1274 3513 1377 3594 puella

272 3617 351 3696 datis
372 3617 511 3678 meritum
535 3615 626 3677 studii
645 3614 811 3694 praemium
832 3612 1020 3693 persolutum
1040 3631 1108 3673 esse
1130 3615 1227 3676 dicat?
1253 3617 1376 3678 nauseo

271 3721 310 3781 ad
329 3721 396 3780 libri
419 3719 516 3800 quarti
544 3735 664 3778 carmen
693 3715 956 3796 quadragesimum
986 3732 1112 3794 nonum,
1143 3737 1201 3798 quc
1225 3717 1375 3780 Martialis

272 3843 325 3885 sos
349 3823 491 3884 refellens
518 3820 568 3901 qui
596 3821 814 3900 epigrammata
841 3819 928 3879 lusus
955 3821 1071 3879 tantum
1100 3820 1241 3901 iocosque
1267 3825 1378 3883 vocent

271 3929 340 3989 illos
366 3925 465 4004 magis
494 3922 599 3984 ludere
626 3923 698 3984 dicit
726 3923 776 4002 qui
796 3921 926 4004 prandio
954 3925 1037 3984 coeci
1060 3924 1167 3988 Tereos
1196 3927 1249 3985 aut
1275 3945 1376 3988 sermm

356 4149 402 4247 '‘l)
422 4181 452 4231 de
468 4181 556 4230 laurea
573 4180 598 4227 ot
615 4176 713 4226 cortina
732 4177 985 4242 quindecimvirorum
1003 4193 1067 4228 sacr.
1079 4177 1125 4227 iac.
1143 4177 1287 4243 insignibus
1306 4179 1376 4231 dixe-

270 4273 330 4319 runt
347 4267 486 4317 Eolbolius
504 4265 527 4314 d.
540 4281 564 4314 u.
581 4261 619 4313 VI
631 4278 655 4326 p.
670 4266 729 4324 316,
747 4263 903 4326 Borghesius
916 4277 1008 4313 osserr.
1022 4263 1138 4312 numism.
1155 4263 1208 4316 vn
1222 4280 1271 4315 oss.
1284 4271 1299 4316 6
1313 4269 1339 4316 et
1352 4273 1378 4330 1,

270 4354 398 4406 Prclleras
415 4351 519 4419 mythol.
536 4351 608 4401 Rom.
621 4363 646 4412 p.
664 4351 721 4398 112.
