3086 4968
648 431 737 472 CAPUT
762 433 795 472 Η.
1232 433 1271 476 ΙΝ

158 579 298 664 librarius
322 599 447 679 aliquis,
475 619 542 662 oum
572 618 694 660 versum
721 596 978 660 undevicesimum
1003 599 1168 678 scripturus
1191 603 1264 676 erat,

158 705 302 767 aberrans
324 701 356 762 in
375 699 565 776 vicesimum,
587 702 663 764 falso
685 703 769 762 illum
792 721 810 764 a
831 723 883 764 reu
903 701 1030 782 incepit,
1050 709 1085 764 ut
1105 705 1152 764 ter
1173 721 1263 783 pone-

157 809 243 868 retur
269 805 345 866 baec
371 804 546 866 coniunctio.
585 804 664 884 quod
694 805 766 866 ferri
787 823 847 865 non
870 823 961 884 posse
981 803 1163 884 intellegens
1185 806 1262 868 alius

156 907 296 970 librarius
322 925 377 986 pro
406 906 506 968 tertio·
522 927 575 970 acu
601 908 737 988 reposuit
763 911 805 984 et,
834 925 901 968 oum
930 908 1058 987 primum
1086 911 1263 972 mutandum

158 1013 255 1082 esset;
283 1027 339 1088 pro
362 1029 420 1088 quo
442 1031 509 1074 oum
531 1011 634 1088 posui,
663 1011 741 1089 quod
770 1029 826 1070 nco
849 1009 1020 1072 Gronovius
1045 1031 1102 1072 nec
1124 1011 1261 1074 810111011-

157 1133 259 1176 werus
280 1111 458 1176 coniecturis
482 1111 562 1184 suis,
581 1131 658 1190 quae
680 1117 753 1174 sunt
773 1119 804 1176 11·
822 1118 853 1176 et
873 1133 978 1195 quum,
1002 1115 1116 1176 Valerii
1140 1135 1262 1178 manum

156 1234 353 1298 recuperasse
379 1213 566 1276 videbantur.
589 1249 631 1260 -
656 1213 673 1274 Ι
696 1220 735 1278 39
758 1216 898 1296 Baptista
917 1215 988 1278 Pius
1019 1222 1050 1278 et
1070 1217 1261 1280 Burmannus

156 1319 395 1386 homoeoteleuto
431 1318 509 1396 qnod
540 1319 587 1378 est
607 1315 692 1396 flotus
720 1355 762 1364 —-
789 1319 877 1382 dc'ott's
906 1339 966 1380 non
992 1319 1129 1382 inmerito
1157 1321 1264 1384 offensi

157 1425 240 1495 sunt;
261 1421 343 1482 unde
364 1422 462 1484 verbis
478 1419 632 1482 Valerium
652 1420 810 1500 scripsisse
831 1419 1068 1500 suspicabantur,
1089 1426 1168 1504 quod
1190 1425 1262 1486 mibi

157 1543 277 1607 quoquo
305 1524 426 1604 placere
453 1524 524 1584 dixi.
562 1523 617 1584 sed
647 1543 714 1586 eum
736 1543 843 1604 parum
864 1525 1016 1603 probabile
1041 1526 1096 1601 sit,
1121 1527 1208 1590 dictio
1227 1533 1263 1588 nt

156 1630 311 1709 glossema
338 1625 524 1704 adscriptum
552 1625 646 1686 sitisse
679 1628 717 1688 ad
743 1629 857 1702 uerbis,
881 1663 923 1672 -
945 1629 1002 1690 hoe
1024 1629 1104 1690 enim
1126 1629 1262 1708 vulgare,

156 1732 333 1796 inusitatum
353 1727 428 1790 illud
450 1761 491 1772 -
515 1727 575 1788 alia
596 1731 768 1806 quaerenda
790 1732 838 1789 est
858 1730 1046 1809 corruptelae
1067 1733 1263 1811 explicandae

156 1835 240 1898 ratio.
276 1831 414 1912 equidem
437 1833 545 1892 cottae
567 1850 658 1892 versu
682 1831 734 1910 qui
755 1832 891 1910 sequitur
911 1831 942 1892 iu
963 1852 1086 1894 versum
1101 1838 1141 1896 39
1165 1837 1263 1898 trans·

157 1939 291 2019 positum
316 1935 409 1996 fuisse
436 1933 549 1996 conicio
579 1937 610 1994 et
630 1935 718 1996 dictio
736 1954 803 1995 esse
825 1935 1026 1996 coniecturam
1048 1937 1188 1998 doctioris
1211 1940 1264 1999 ali-

156 2041 243 2102 euius
269 2037 391 2100 librarii.
414 2073 457 2080 —
479 2038 512 2100 ΙΙ
537 2040 598 2100 293
617 2037 762 2104 ,Vaticani
777 2037 940 2117 ¹scriptura
962 2059 1086 2120 possum
1108 2044 1199 2102 tontis
1216 2063 1264 2104 re

156 2148 249 2208 tinere
263 2143 391 2225 periclis
411 2159 471 2200 non
491 2139 579 2200 aliter
601 2143 702 2219 potest
714 2139 865 2220 explicari,
888 2159 975 2219 quam
990 2144 1025 2202 ut
1038 2145 1127 2205 tontis
1136 2145 1236 2226 periet
1245 2147 1251 2158 '

157 2247 247 2308 tertio
279 2263 352 2306 casu
383 2243 497 2304 dictum
518 2241 558 2302 sit
587 2244 619 2302 et
640 2242 773 2322 pericula
798 2243 1016 2322 intellegantur
1037 2264 1113 2325 quae
1136 2246 1265 2308 Thoanti

158 2369 178 2410 a
191 2347 405 2410 Lemniadibus
418 2347 605 2430 deprehenso
620 2344 800 2404 immineant.
830 2364 920 2422 quam
935 2347 972 2407 ob
986 2366 1050 2406 rem
1062 2348 1158 2410 altera
1171 2349 1262 2410 inter-

156 2453 314 2532 rogatione
343 2452 423 2531 quod
449 2450 618 2511 continetur
646 2467 714 2509 cum
737 2448 829 2528 priori
855 2449 1037 2511 eontrarium
1060 2451 1112 2528 sit,
1140 2471 1263 2533 possum

156 2556 346 2634 ineleganter
373 2573 429 2634 per
452 2553 634 2632 anaphoram
660 2551 821 2631 repetitum
851 2557 915 2627 est;
945 2553 976 2614 id
1002 2554 1081 2632 quod
1106 2553 1265 2616 Heinsium

158 2659 292 2722 sensisse
318 2657 470 2727 existimo,
505 2656 555 2735 qui
578 2674 703 2736 possum
733 2657 858 2716 tantone
887 2653 995 2732 (fferre
1018 2656 1146 2738 pert'clc'o
1174 2657 1262 2717 nimis

157 2761 310 2822 audaciter
334 2761 370 2819 ut
396 2760 473 2820 solet
504 2756 636 2820 coniecit.
672 2756 816 2819 leniorem
844 2760 879 2819 ut
906 2759 949 2819 ita
970 2758 1066 2820 dicam
1088 2760 1264 2821 medicinam

154 2865 221 2944 ipse
252 2861 321 2922 huic
342 2861 445 2922 versui
465 2860 597 2920 sanando
626 2859 759 2933 adbibui;
784 2879 909 2942 porcum
936 2860 1015 2920 enim
1043 2881 1173 2924 eversu
1198 2867 1261 2924 292

154 2966 230 3026 falso
262 2963 423 3044 repetitum
455 2982 506 3024 uec
535 2963 562 3022 te
589 2962 744 3041 expulisse
775 2962 894 3024 conieci.
932 2965 1011 3041 quod
1033 2965 1060 3038 si
1079 2967 1265 3044 probaveris,
1383 3023 1387 3032 .

154 3070 247 3130 uoto
263 3067 391 3148 periclis
413 3067 500 3124 sexto
522 3083 595 3124 casu
620 3062 730 3124 dictum
750 3064 874 3126 habebis
897 3069 929 3127 et
946 3066 1106 3146 intelleges
1122 3070 1264 3148 pericula,

155 3171 264 3252 quibus
294 3167 394 3228 Thoas
423 3167 453 3226 in
483 3165 671 3238 marisolus
700 3167 848 3245 navigans
878 3170 1035 3248 expositus
1063 3174 1117 3232 est
1140 3207 1184 3218 --
1209 3191 1263 3234 eae

156 3291 274 3354 quoque
298 3272 413 3347 turbae,
436 3287 511 3348 quas
533 3269 564 3329 in
584 3269 652 3330 libri
673 3271 772 3350 quarti
793 3270 931 3332 versibus
949 3274 1060 3332 387-
1072 3275 1133 3349 389
1149 3293 1262 3334 exeun-

156 3376 239 3436 tibus
263 3373 407 3433 babemus
428 3372 459 3432 in
481 3371 641 3447 codicibus,
664 3374 707 3434 sio
730 3374 839 3453 optime
857 3373 1001 3453 explicari
1019 3377 1101 3454 puto,
1124 3378 1159 3438 ut
1176 3381 1263 3440 coctu

156 3497 173 3537 e
195 3495 289 3537 versu
313 3478 375 3538 388
397 3474 429 3534 in
447 3494 571 3534 versum
587 3477 648 3536 387
668 3475 862 3556 adsumptum
880 3496 947 3536 esse
970 3477 1093 3538 dicatur.
1123 3478 1263 3541 librarius

155 3580 280 3661 aliquis,
308 3579 359 3660 qui
387 3578 463 3638 duos
490 3597 599 3638 versus
627 3597 696 3638 sese
723 3579 908 3659 excipientes
937 3579 969 3638 in
990 3583 1077 3644 caua
1098 3583 1182 3644 exire
1204 3604 1263 3646 non

155 3702 248 3764 posse
272 3681 411 3755 videbat,
434 3700 462 3742 1.
486 3684 548 3742 387
572 3683 675 3742 comus
696 3681 835 3757 coniecit,
864 3685 899 3742 ut
918 3684 1065 3762 penderet
1086 3687 1123 3748 ab
1143 3691 1266 3770 respice,

156 3789 190 3847 et
209 3785 241 3846 in
262 3803 355 3846 versu
370 3787 431 3846 388
453 3784 584 3864 spatium
599 3783 734 3863 reliquit;
757 3784 783 3844 is
797 3801 816 3844 a
831 3805 890 3864 quo
902 3785 1053 3850 (laurionis
1075 3789 1150 3850 liber
1164 3811 1262 3850 emen·

156 3889 247 3948 datus
268 3890 316 3947 est
338 3892 440 3950 contus
461 3908 522 3950 non
543 3885 681 3962 mutavit,
703 3885 757 3946 sed
779 3888 818 3948 ad
838 3888 1008 3970 languentia
1026 3891 1139 3954 addidit
1153 3913 1263 3967 somno,

156 4010 218 4052 non
231 4009 339 4054 curans
354 3991 415 4066 ille,
437 3992 516 4072 quod
530 4008 647 4054 somnos
666 4007 741 4050 voce
759 4009 868 4052 versus
889 3995 951 4054 389
977 3994 1163 4056 terminatur.
1195 3995 1262 4074 ipse

156 4095 190 4156 in
211 4094 296 4156 exitu
318 4113 425 4154 versus
440 4097 502 4154 387
525 4094 663 4154 bonnam
683 4091 858 4172 significavi,
879 4096 931 4156 ubi
950 4096 1121 4158 vocativum
1135 4097 1264 4178 aliquem

157 4197 348 4260 intercidisse
367 4199 457 4277 puto,
476 4214 535 4274 quo
549 4192 653 4274 Argus
676 4197 871 4276 compellatus
894 4198 996 4273 suerit,
1019 4201 1051 4258 ct
1068 4203 1156 4262 contu
1177 4220 1262 4282 repo

159 4300 207 4360 sui
230 4298 261 4360 in
284 4318 377 4362 uersu
400 4301 462 4360 388
485 4301 624 4360 exeunte.
657 4317 727 4358 nam
748 4298 907 4361 Heinsium
926 4301 1030 4360 audire
1047 4301 1193 4379 nolebam,
1214 4305 1265 4386 qui
