3086 4968
274 445 344 484 nxvr
402 435 412 452 ‘
709 439 937 482 rnonnnounuon

276 610 456 673 VALERII
478 659 484 672 .
505 607 657 672 FLAOCI
679 655 685 669 .
706 607 854 675 BALBI.
870 605 1010 668 SFFINI
1026 602 1381 666 .ARGONAVT100n

275 711 405 774 LIBER
432 711 596 774 PRIMVS.
641 714 671 773 in
700 713 778 774 soliis
809 711 991 772 289--295
1020 710 1169 789 permulta
1203 708 1316 769 scholia
1342 708 1381 768 ad
1412 727 1415 734 ’

276 816 394 878 fabulas
414 816 597 879 enarrandas
617 817 746 877 maxime
766 813 933 896 spectantia
955 813 1036 874 etin
1058 812 1243 890 marginibus
1258 815 1290 873 et
1302 813 1382 873 inter

180 933 186 944 ’
276 919 360 998 ipsos
391 937 499 978 111111
536 919 647 999 scripta
676 923 761 996 sunt,
798 921 957 999 praeterea
983 916 1103 994 glossae
1131 933 1208 995 quae
1236 919 1383 977 vocantur

277 1039 371 1101 supra
391 1022 484 1082 verba
504 1026 613 1103 poetae
641 1023 771 1103 poeitae:
796 1039 871 1100 quae
895 1018 992 1080 omnia
1013 1019 1051 1079 ab
1074 1031 1247 1079 unamann
1270 1017 1382 1098 scripta

278 1124 426 1185 videntur.
452 1128 557 1186 contra
575 1125 677 1206 plures
698 1143 805 1184 manus
828 1124 860 1184 in
877 1123 984 1184 iisdem
996 1121 1054 1183 illis
1070 1119 1147 1180 foliis
1162 1125 1269 1201 poetae
1289 1124 1382 1183 verba

279 1231 341 1290 tam
369 1227 550 1308 inpudenter
580 1229 750 1301 mutarunt,
779 1229 814 1286 ut
841 1225 893 1286 ubi
925 1225 1038 1307 primae
1066 1241 1174 1284 manus
1203 1226 1383 1306 scripturam

278 1350 368 1412 quam
389 1330 520 1391 maxime
547 1332 686 1410 optamus
705 1332 857 1389 servatam
876 1327 897 1392 i.
914 1348 939 1390 1.
962 1330 994 1390 11
1015 1329 1089 1390 locis
1112 1329 1260 1410 corruptis
1281 1329 1322 1390 ibi
1345 1347 1382 1390 ea

279 1435 344 1498 erui
367 1436 505 1516 nequeat
540 1433 571 1493 in
598 1433 718 1494 relicuis
744 1451 862 1512 quoque
890 1432 978 1512 primi
1007 1431 1075 1492 libri
1104 1431 1183 1492 foliis
1204 1449 1311 1492 manns
1335 1450 1382 1490 se-

279 1539 378 1600 cunda
406 1537 535 1617 priorem
560 1535 738 1617 scripturam
765 1555 825 1597 non
847 1555 915 1597 raro
936 1535 1073 1596 mutavit.
1109 1535 1146 1595 iis
1167 1535 1217 1614 qui
1239 1537 1383 1596 secuntur

277 1642 361 1704 libris
382 1639 517 1722 pepercit
535 1641 759 1700 emendatorum
780 1639 943 1716 temeritas,
961 1658 1051 1719 quam
1072 1639 1110 1699 ob
1124 1657 1189 1698 rem
1202 1639 1234 1698 in
1251 1636 1383 1698 secundo

278 1745 354 1806 libro
376 1745 534 1825 quartique
561 1742 695 1822 reliquiis
724 1745 803 1803 hunc
825 1743 956 1804 codicem
981 1745 1077 1804 totum
1101 1740 1286 1820 comparavi,
1315 1758 1384 1800 cum

277 1849 456 1930 praesertim
473 1847 505 1906 in
526 1844 586 1906 fine
606 1848 644 1907 ab
663 1846 722 1907 alia
742 1863 847 1922 manu,
870 1865 958 1925 quam
981 1865 1057 1924 quae
1078 1844 1235 1906 Valerium
1255 1843 1385 1923 scripsit,

278 1953 353 2013 haec
374 1951 476 2011 addita
496 1950 694 2012 invenissem:
719 1943 816 2010 ‘Finis
841 1950 906 2010 eius
934 1950 1012 2029 quod
1039 1949 1192 2010 invenitur
1211 1943 1215 2031 Ι
1235 1965 1384 2027 argonau-

279 2053 360 2114 ticon
381 2056 412 2112 et
434 2052 503 2132 qnia
524 2053 679 2132 exemplar
698 2048 703 2132 Ι
723 2052 753 2113 11
774 2053 877 2115 multis
899 2053 1078 2114 carminibus
1098 2051 1274 2112 mendosum
1294 2047 1298 2133 Ι
1318 2052 1385 2112 erat

279 2161 312 2218 et
332 2156 475 2236 scriptum
497 2156 546 2218 est
565 2154 674 2214 festine
700 2175 776 2236 opus
795 2157 800 2231 Ι
820 2156 878 2216 alio
903 2159 1036 2235 tempore
1064 2154 1282 2232 corrigendum.
1321 2148 1382 2234 11Ι

281 2239 998 2357 611111(11]1111106οὅΧΧἯΙ11111Χ171.’
1043 2272 1074 2333 iu
1100 2290 1193 2330 versu
1222 2271 1327 2350 quarto
1359 2272 1387 2331 et

282 2395 374 2458 supra
391 2395 514 2436 versum
535 2377 666 2458 positum
689 2380 745 2451 est,
764 2376 795 2436 in
821 2379 909 2437 sexto
931 2377 1015 2457 prius
1030 2371 1063 2434 X
1085 2374 1226 2447 deletum,
1249 2372 1303 2431 sed
1325 2391 1386 2432 non

282 2483 319 2541 ab
345 2479 449 2538 eodem
478 2481 528 2559 qui
557 2480 691 2560 scripsit;
720 2499 789 2541 nam
817 2480 1013 2541 bibliothecae
1034 2477 1280 2557 Altaempsianae
1300 2493 1386 2555 prae-

281 2584 378 2643 fectus
401 2583 521 2661 quidam
549 2583 578 2642 in
603 2585 698 2664 primo
727 2583 838 2644 codicis
868 2583 937 2644 folio
959 2582 1064 2643 indicis
1088 2582 1153 2641 loco
1174 2580 1249 2639 haec
1270 2577 1386 2658 posuit:

279 2680 342 2746 ‘Ex
362 2684 512 2746 codicibus
539 2683 660 2746 loannis
682 2685 794 2764 Angeli
813 2685 906 2746 Ducis
932 2688 969 2747 ab
992 2685 1157 2765 Altaemps
1192 2679 1284 2743 Silius
1304 2679 1388 2741 Itali-

284 2807 338 2848 cus
361 2790 393 2847 et
414 2789 555 2849 Valerius
578 2787 705 2850 Flaccus
725 2789 835 2849 Poetae
857 2787 960 2868 scripti
982 2807 1059 2850 anno
1083 2773 1183 2848 1426?
1221 2785 1252 2846 in
1274 2787 1388 2866 quaest.

187 2901 192 2911 “
285 2889 336 2951 Sil.
359 2889 423 2950 crit.
448 2890 535 2952 Halia
561 2909 638 2953 anno
668 2895 753 2954 1858
784 2893 873 2954 editis
896 2896 964 2974 p.4
993 2892 1071 2952 hanc
1100 2888 1347 2970 subscriptionem
1371 2907 1390 2948 a

284 2993 405 3054 falsario
426 2995 524 3074 aliquo
544 2996 708 3076 profectam
731 3017 799 3057 esse
820 2997 898 3058 dixi:
917 2995 949 3056 in
971 3012 1030 3073 qua
1044 2994 1194 3054 sententia
1207 2993 1297 3054 etiam
1309 3013 1390 3054 nunc

284 3115 455 3178 persevero.
487 3099 605 3161 etiamsi
630 3100 707 3161 enim
728 3100 918 3162 festinatione
940 3099 1097 3160 scribentis
1120 3099 1232 3159 lactum
1245 3117 1313 3157 esse
1331 3097 1389 3157 lar-

285 3200 419 3280 giamur,
449 3205 483 3262 ut
509 3199 624 3264 XXVI
649 3209 813 3285 poneretur
840 3222 893 3284 pro
923 3199 1018 3276 XVI,
1051 3203 1151 3260 tamen
1181 3219 1249 3259 oum
1281 3197 1389 3278 Pog'gii

285 3303 413 3384 epistola
425 3323 517 3384 supra
529 3306 651 3368 laudata
659 3306 853 3370 constantiae
865 3303 961 3366 XVII
974 3302 1035 3366 Cal.
1045 3302 1137 3363 Iulias
1147 3299 1390 3388 MCQOOXVII,

284 3425 344 3466 non
371 3407 546 3484 Ianuarias,
579 3417 614 3471 ut
638 3411 732 3491 vulgo
759 3409 871 3482 fertur,
907 3409 978 3468 data
1012 3406 1053 3466 sit
1081 3406 1143 3483 (cfr.
1167 3405 1256 3466 Lanr.
1278 3397 1388 3466 Melus

285 3510 379 3590 praef.
391 3510 429 3570 ad
452 3511 502 3572 vit.
518 3510 622 3574 Ambr.
637 3513 825 3576 Traversarii
839 3511 1011 3572 Florentiae
1024 3513 1107 3570 1759
1122 3529 1151 3589 p.
1166 3507 1251 3588 XV),
1274 3507 1390 3572 Valerii

285 3612 379 3673 libros
407 3633 511 3673 mense
533 3613 609 3677 Iulio
630 3617 701 3678 anni
724 3621 807 3678 1416
828 3618 887 3677 iam
906 3617 1042 3694 repertos
1066 3632 1134 3674 esse
1153 3631 1260 3694 parum
1281 3611 1388 3690 proba-

286 3714 346 3776 bile
380 3716 435 3774 est.
474 3716 581 3776 deinde
612 3720 747 3779 extrema
779 3721 872 3780 verba
895 3711 1052 3798 ‘scriptum
1086 3717 1134 3777 est
1167 3715 1276 3776 festine
1311 3733 1388 3794 opus

287 3816 345 3878 alio
365 3819 499 3897 tempore
522 3810 745 3898 corrigendum’
768 3822 838 3883 ficta
858 3820 1077 3882 esseuidentur
1097 3819 1136 3878 ad
1155 3837 1200 3894 ea,
1220 3837 1296 3899 quae
1310 3817 1388 3896 Pog-

287 3918 355 3998 gius
376 3916 509 3982 Guarino
528 3923 691 3985 nuntiavit:
713 3919 800 3986 ‘liaeo
819 3944 887 3986 mea
907 3941 998 3984 manu
1019 3922 1193 4002 transcripsi
1216 3924 1247 3982 11
1269 3921 1388 4000 quidem

286 4022 444 4100 velociter,
470 4026 505 4084 11
532 4043 569 4086 11
596 4026 745 4088 mitterem
774 4028 813 4088 ad
836 4026 1026 4088 Leonardum
1048 4023 1224 4085 Arretinum
1243 4026 1274 4085 11
1299 4023 1388 4085 Nico·

285 4125 366 4187 laum
381 4116 604 4190 Florentinum.³
642 4130 769 4212 denique
792 4131 829 4191 de
852 4130 911 4191 fide
932 4127 1155 4208 subscriptionis
1168 4127 1247 4189 illius
1260 4127 1388 4188 multum

285 4229 452 4291 detrahitur
472 4233 530 4293 alia
552 4234 697 4313 quadam,
724 4251 801 4314 quae
827 4237 874 4293 est
897 4233 928 4292 in
951 4231 1051 4292 codice
1073 4230 1266 4293 Vaticano
1293 4233 1388 4304 1613,

283 4333 516 4412 membranaceo,
531 4337 643 4398 formae
656 4341 780 4398 octavae
795 4336 849 4395 sed
863 4334 983 4396 maioris
997 4353 1166 4411 mensurae,
1182 4333 1321 4396 loliorum
1335 4336 1386 4410 38,
