3072 4974
671 417 694 460 d.
713 417 821 461 thi
837 417 935 461 mccl

335 570 474 636 terrificis
494 571 603 635 mirata
622 572 734 649 modis,
755 573 833 635 hano
853 571 971 636 advena
992 569 1132 650 Phrixus,

337 673 474 757 quamvis
496 672 619 738 Atracio
638 675 742 738 lunam
764 693 905 758 spumare
925 693 1044 737 veneno

338 777 430 840 sciret
450 778 482 838 et
502 775 677 840 Haemoniis
697 778 807 860 agitari
827 778 965 842 cantibus
985 778 1117 840 umbras.

337 898 412 960 ergo
431 880 538 962 opibus
558 880 684 962 magicis
706 884 739 944 et
758 881 935 963 virginitate
953 882 1140 944 tremendam

337 983 416 1047 Iuno
439 981 508 1045 duci
530 982 641 1046 sociam
662 983 844 1065 coniungere
866 983 983 1067 quaerit
1003 983 1129 1048 Achiuo.
1290 986 1356 1048 450

337 1086 511 1151 nonullam
531 1084 626 1148 tauris
647 1087 732 1150 videt
756 1091 788 1150 et
810 1087 1003 1151 nascentibus
1025 1088 1117 1150 ermis

338 1193 450 1275 qnippe
471 1208 589 1272 parem,
609 1210 666 1253 neo
686 1209 762 1273 quae
782 1191 880 1254 medio
903 1193 965 1253 stet
985 1189 1018 1252 in
1039 1189 1159 1272 agmine
1181 1191 1327 1271 flammae,

336 1296 453 1357 nullum
473 1295 574 1355 mente
595 1293 696 1374 nefas,
717 1297 816 1357 nullos
836 1295 1011 1358 horrescere
1032 1293 1127 1356 55555.

337 1398 408 1479 quid
429 1396 455 1459 si
476 1415 583 1459 555555
604 1415 687 1458 amor
709 1417 878 1480 saevusque
900 1396 1063 1460 accesserit
1083 1395 1184 1477 ignis?

335 1499 405 1563 hino
426 1499 556 1561 Veneris
578 1499 724 1562 thalamos
747 1519 924 1582 semperque
945 1499 1077 1562 recentia
1099 1497 1189 1562 sertis
1290 1499 1355 1562 455

335 1605 417 1666 tecta
433 1603 517 1686 petit
561 1602 628 1682 risa
649 1601 813 1665 iendudum
833 1599 951 1685 prosilit
972 1601 1026 1663 alti

336 1706 407 1769 diva
427 1706 503 1770 toris
525 1707 738 1786 volucrumque
761 1704 913 1768 exercitus
935 1703 1031 1767 omnis
1053 1704 1205 1768 Amorum.

335 1827 371 1872 ac
391 1809 475 1892 prior
491 1809 569 1873 hano
587 1808 712 1892 placidis
734 1809 864 1891 supplex
887 1806 1028 1872 Saturnia
1050 1809 1139 1872 dictis

336 1912 515 1993 adgreditur
533 1931 623 1975 veros
642 1915 780 1974 metuens
803 1911 920 1994 aperire
941 1911 1073 1974 timores.

329 2007 374 2078 ‘in
394 2016 532 2078 manibus
553 2035 625 2098 spes
642 2017 748 2078 nostra
768 2014 830 2076 tuis
849 2014 1004 2096 omnisque
1024 2017 1159 2097 potestas
1289 2017 1355 2079 460

335 2110 421 2180 nnno'
445 2119 502 2196 ait3
519 2111 588 2181 ‘hoc
610 2119 701 2182 etiarn
721 2117 820 2198 magis
842 2114 1037 2180 adnue'vere
1056 2117 1171 2181 fatenti

298 2273 301 2276 .
335 2223 429 2284 durus
451 2227 487 2285 ut
507 2221 657 2303 Argolicis
680 2219 857 2306 Tirynthius
879 2221 1073 2301 exaratoris,

333 2343 420 2388 mens
439 2325 511 2388 mihi
529 2344 590 2388 non
609 2324 714 2388 eadem
735 2325 818 2388 lovis
836 2328 925 2407 atque
946 2324 1224 2404 aversa‘voluntae7

333 2429 435 2492 nullus
450 2431 546 2492 honor
567 2428 706 2492 thalamis
727 2427 905 2490 flammaeve
925 2428 957 2490 in
977 2429 1066 2491 nocte
1086 2429 1211 2511 priores.

335 2530 389 2610 55,
410 2551 532 2613 precor,
552 2530 676 2595 artificis
696 2533 807 2594 blande
824 2530 1027 2612 adspiramina
1048 2532 1161 2593 formae
1290 2530 1355 2593 465

302 2653 306 2662 ’
336 2637 519 2716 ornatusque
540 2635 610 2696 tuos
631 2637 714 2697 terra
735 2633 877 2715 caeloque
894 2627 1052 2716 potentes?

336 2735 432 2798 sensit
452 2737 524 2800 diva
544 2737 629 2800 dolos
649 2736 710 2799 iam
731 2735 847 2818 pridem
869 2741 976 2819 sponte
996 2737 1153 2820 requirens

336 2833 478 2902 Colchide
501 2842 533 2902 et
552 2839 643 2902 invisi
663 2859 762 2921 genus
785 2860 872 2903 omne
894 2841 1054 2902 excindere
1076 2839 1196 2903 Ph00hi.

335 2942 400 3004 tum
421 2961 494 3004 vero
515 2943 627 3026 optatis
647 2944 774 3026 potitur3
796 2964 852 3007 neo
872 2962 965 3025 passa
986 2943 1103 3026 precari

353 3265 403 3311 447
421 3263 507 3313 atram
525 3264 559 3313 Μ
674 3267 725 3340 445
747 3259 813 3313 ‘dira
831 3265 936 3314 ...arte
960 3256 1115 3312 tremendam
1138 3260 1259 3310 1155555455
1281 3261 1359 3310 sods'os'

250 3357 293 3394 suo
308 3346 441 3408 assmpsit
453 3355 540 3409 postea
564 3351 721 3412 suppleturus
738 3349 861 3408 55555555,
881 3348 924 3396 ubs‘
939 3350 968 3397 s'u
984 3355 1086 3396 uuursm
1103 3347 1176 3407 quid,
1198 3347 1264 3408 quod
1278 3348 1358 3412 maps's

244 3486 369 3545 phura,
392 3480 504 3570 5555553
522 3488 682 3536 Burmannus
802 3491 852 3538 454
871 3443 1026 3538 nedmdedio
1044 3487 1094 3535 stet
1111 3486 1145 3535 Μ
1165 3483 1240 3550 (quae
1257 3487 1353 3536 addidit
1426 3483 1433 3504 '

249 3584 281 3619 us.
310 3567 385 3634 555),
412 3583 492 3635 neque
523 3586 585 3635 quae
615 3569 699 3622 medio
725 3574 774 3620 stet
793 3573 823 3633 0,
849 3572 932 3623 medio
957 3586 1019 3637 quae
1043 3569 1065 3622 si
1088 3573 1138 3622 5555
1160 3572 1240 3631 Bou..
1273 3569 1358 3621 modio

251 3668 314 3720 quae
332 3655 412 3703 staret
429 3655 491 3705 Ps'us
509 3657 586 3716 Asu,
612 3656 695 3707 medio
713 3671 787 3722 quam
806 3656 828 3707 si
846 3661 896 3708 stet
913 3658 1048 3717 llussss'us,
1073 3671 1148 3722 qnam
1167 3653 1191 3706 si
1207 3653 1291 3706 medio
1308 3659 1360 3706 stet

250 3740 386 3800 Heiuss'us,
405 3737 505 3803 medio,
530 3753 592 3805 quae
612 3742 634 3790 si
660 3741 709 3808 (ool
727 3743 849 3809 quamvis)
868 3742 965 3794 stetin
984 3742 1084 3806 agmine
1101 3741 1229 3803 flammae,
1252 3739 1360 3792 Nullum
1390 3741 1395 3754 “

250 3825 333 3874 mente
357 3821 441 3886 55455,
465 3823 549 3874 nullos
567 3825 699 3878 horrescat
721 3826 754 3877 ad
778 3843 855 3878 susus
872 3829 1047 3889 Burmannus,
1072 3827 1155 3878 medio
1179 3841 1244 3893 quse
1263 3826 1286 3878 si
1308 3829 1360 3878 5455

256 3909 392 3976 masma
413 3911 458 3970 qus·
473 3910 618 3959 horrescere
633 3925 682 3971 pro
705 3913 830 3975 iufluiu'oo
848 3927 917 3975 quom
933 3921 1020 3964 555555
1040 3915 1157 3964 nouenos
1181 3915 1255 3963 sumu

251 3999 302 4047 455
321 3993 405 4045 551155
421 3995 455 4046 Μ
466 3993 559 4060 (551155
578 4009 641 4044 eur.
662 3994 696 4060 m)
789 4001 840 4048 458
859 4012 888 4048 55
904 3999 977 4066 prior
992 3999 1058 4050 hane
1075 4002 1112 4052 0.·
1128 4001 1167 4051 Ae
1184 3999 1258 4064 prior
1273 4013 1303 4050 so
1320 4002 1359 4062 Π,

251 4082 333 4146 Atque
351 4081 466 4148 priorrp
536 4078 664 4130 blandiss
767 4085 817 4132 455
834 4084 971 4152 tyrinthius
989 4087 1024 4136 Μ
1122 4091 1173 4138 455
1190 4099 1280 4137 aversa
1295 4086 1360 4136 Gro-

251 4163 537 4217 uooioohssro.1V21
561 4175 694 4229 prassuuts
709 4168 847 4220 Heinsius:
872 4169 1070 4239 advarss'llsps.
1097 4175 1184 4236 estque
1208 4185 1297 4222 aversa
1313 4185 1359 4222 vo·

253 4249 335 4302 luntas
352 4251 477 4303 osl'lovis
495 4255 548 4318 est,
566 4266 596 4302 55
613 4265 687 4303 versa
704 4251 820 4304 voluntas
838 4255 996 4306 Burmouuus
1065 4261 1115 4308 455
1136 4269 1242 4322 praecor
1260 4257 1293 4308 u

253 4341 303 4389 455
323 4341 404 4388 terrae
422 4337 533 4403 caelique
552 4339 671 4388 Heinsius
