3086 4968
267 449 285 492 Ii
704 447 931 488 rnonmomon

273 619 370 678 altera
391 618 422 677 in
443 614 533 677 tertio
554 631 646 674 versu
668 614 734 674 sine
753 611 916 675 offensione
941 616 1092 693 sequatur.
1126 613 1234 674 deinde
1257 615 1382 676 secundi

274 720 342 781 libri
362 719 502 780 versibus
517 721 590 793 381,
611 721 673 780 597
689 737 742 796 sq,
767 719 830 776 649
852 716 1002 792 docemur,
1023 715 1145 797 Minyas
1162 737 1222 778 non
1245 719 1380 798 potuisse

275 823 438 905 suspicari,
465 821 497 882 in
519 817 697 881 Colchorum
721 823 835 880 terram
862 818 923 879 iam
945 837 979 878 sa
1001 817 1170 880 advenisse.
1203 820 1302 881 fraudi
1323 821 1382 882 fuit

275 926 396 988 falsario
417 943 525 985 versus
548 926 588 984 82
613 943 673 984 non
692 925 774 984 recte
797 920 983 996 intellectus,
1006 941 1064 1000 qno
1088 921 1179 984 Iason
1198 943 1258 984 non
1278 925 1383 984 monet

276 1030 387 1107 socios,
411 1023 537 1091 Colchos
560 1025 676 1102 adesse,
700 1027 754 1086 aed
775 1025 921 1098 hortatur,
942 1029 977 1083 nt
997 1023 1118 1084 sortitur
1138 1028 1285 1105 pugnent,
1305 1028 1381 1086 tam-

277 1152 365 1214 quam
380 1129 482 1193 Colchi
502 1128 609 1189 adsint.
624 1161 666 1172 -
686 1125 733 1189 IV
756 1131 797 1188 29
816 1129 886 1207 post
906 1129 1058 1207 corytique
1078 1127 1109 1186 in
1132 1125 1228 1192 VMP
1240 1146 1301 1212 una
1320 1145 1382 1188 vox

277 1238 372 1298 deest.
409 1235 488 1313 quod
511 1249 530 1292 a
552 1229 723 1292 Burmanno
745 1231 892 1290 insertum
912 1229 1012 1310 recepi
1030 1233 1120 1306 toros,
1142 1230 1173 1290 id
1192 1249 1248 1291 sua
1269 1231 1381 1292 virtute

276 1339 354 1401 adeo
380 1333 619 1407 commendatur,
653 1336 768 1395 utnon
799 1333 853 1410 sit,
881 1351 936 1392 cur
954 1333 1058 1394 multis
1088 1332 1189 1396 verbis
1215 1333 1382 1396 defendam.

181 1461 191 1485 ⁸
279 1442 349 1503 Itali
362 1459 468 1522 precer
482 1438 584 1516 inepte
604 1436 829 1516 suppleverunt.
866 1454 965 1516 neque
979 1435 1077 1513 magis
1092 1436 1192 1516 placet
1210 1455 1288 1514 naor,
1303 1437 1383 1518 quod

279 1545 310 1605 in
333 1541 487 1630 Carrionis
508 1540 584 1601 libro
607 1539 741 1600 additum
763 1543 826 1612 est;
851 1538 925 1598 nihil
953 1537 1031 1596 enim
1054 1538 1233 1600 discriminis
1254 1541 1384 1603 interest

279 1647 358 1708 inter
378 1644 529 1725 nymphae
552 1643 681 1703 honores
704 1647 736 1704 et
755 1643 853 1703 fontis.
873 1675 917 1686 -·
938 1641 1018 1702 inter
1039 1640 1173 1702 eiusdem
1192 1644 1260 1705 libri
1273 1663 1383 1705 versus

281 1753 342 1810 195
368 1751 400 1808 et
419 1750 479 1808 197
500 1745 601 1807 hiatus
623 1747 720 1807 estin
742 1746 893 1807 codicibus
912 1745 1001 1805 hodie
1023 1746 1244 1826 superstitibus.
1281 1746 1313 1807 in
1330 1744 1383 1808 Al-

195 1847 199 1852 ’
279 1853 350 1913 dina
368 1851 417 1912 hio
433 1849 518 1910 locus
541 1849 584 1910 sic
605 1849 718 1928 legitur
738 1848 876 1920 Qualiter
897 1850 1050 1928 iayreruo
1070 1853 1253 1930 spumardem
1277 1853 1385 1912 laurata

278 1961 311 2020 ia
333 1974 448 2018 amorra
463 1952 572 2016 Prodit
590 1955 657 2028 ater,
680 1951 789 2031 quibus
810 1948 989 2011 comesturis
1013 1951 1162 2012 sententia
1179 1951 1298 2031 quidem
1319 1953 1383 2013 seli-

279 2059 354 2120 citer
375 2057 516 2118 restituta
539 2057 601 2131 est,
632 2053 686 2114 sed
713 2053 801 2114 nimis
828 2053 919 2130 longe
947 2070 1100 2113 recessum
1122 2073 1140 2116 a
1161 2055 1302 2118 Vaticani
1322 2075 1384 2116 me-

278 2161 380 2222 moria.
425 2161 456 2220 in
484 2159 584 2220 codice
614 2155 764 2219 Carrionis
790 2158 860 2236 post
890 2157 951 2220 195
980 2153 1060 2214 hunc
1087 2174 1210 2220 versum
1237 2161 1385 2220 insertum

278 2266 423 2326 habemus
456 2263 575 2325 Taurus
609 2263 695 2343 aquis
722 2261 776 2342 qai
794 2257 1000 2341 primatiali
1027 2260 1194 2340 armatque
1217 2266 1385 2339 tornodoro,

279 2387 337 2449 quc
351 2367 543 2429 Weiohertus
565 2367 703 2427 lacunam
723 2362 847 2446 egregie
869 2358 985 2440 expleri
1005 2357 1156 2420 iu'dicarit.
1194 2364 1249 2423 sed
1263 2367 1386 2443 praeter

277 2473 368 2533 fidem
388 2471 468 2532 illius
486 2470 554 2531 libri
576 2467 682 2528 merito
703 2467 874 2543 suspectam
896 2463 986 2524 etiam
1008 2463 1066 2524 alia
1087 2468 1165 2542 sunt,
1185 2465 1293 2543 quibus
1314 2484 1384 2546 spn-

277 2576 357 2636 rium
369 2591 438 2633 esse
451 2591 575 2633 versum
589 2569 717 2630 fortasse
731 2568 862 2646 probem.
902 2567 1031 2645 primum
1050 2568 1129 2628 enim
1146 2569 1259 2647 aquis
1272 2567 1385 2646 ignotis

279 2695 399 2738 amnem
420 2693 560 2756 spumare
581 2671 724 2749 languide
745 2670 858 2731 dietum
880 2673 943 2744 est,
971 2674 1003 2730 et
1025 2671 1147 2733 acrioris
1169 2679 1204 2730 nt
1223 2669 1267 2730 ita
1288 2670 1385 2730 dicam

279 2777 507 2859 significationis
531 2794 650 2850 vocem,
677 2773 773 2853 qualis
795 2774 843 2832 est
863 2775 979 2850 aanor,
1006 2775 1149 2840 hocloco
1169 2773 1385 2834 desideramus.

277 2885 386 2945 deinde
420 2887 527 2944 tauros
556 2877 735 2939 vocabulum
762 2895 822 2935 non
854 2878 924 2954 apte
955 2876 1131 2938 collocatum
1165 2881 1219 2938 est.
1256 2876 1385 2954 denique

278 2987 401 3048 tertium
423 2978 654 3063 comparationis
681 2977 761 3056 quod
781 2980 892 3038 vocant
911 2976 1032 3042 insolita
1053 2980 1199 3043 enuntiati
1221 2979 1384 3041 conforma-

277 3092 358 3152 tione
387 3088 543 3171 paululum
572 3083 763 3156 obscuratur;
779 3073 869 3141 'haec
895 3082 975 3141 enim
997 3101 1065 3142 esse
1087 3083 1190 3144 debuit
1216 3081 1385 3142 sententiae

278 3193 444 3253 dructura:
474 3187 617 3269 qualiter,
643 3184 694 3245 nbi
722 3189 828 3246 taurus
857 3203 974 3244 amnem
1003 3187 1161 3264 ingressus
1190 3187 1250 3246 iter
1269 3183 1385 3264 pandit,

275 3315 347 3356 mox
366 3314 453 3356 omno
474 3313 567 3374 pecus
590 3292 732 3371 sequitur.
770 3288 842 3361 sed,
869 3290 903 3346 ut
926 3290 1030 3368 aperte
1061 3286 1183 3367 loquar,
1212 3307 1289 3368 quae
1318 3286 1384 3346 dixi

275 3419 382 3478 parum
404 3397 545 3457 momenti
560 3396 687 3468 habent;
708 3409 778 3452 nam
793 3391 820 3450 si
831 3409 940 3450 versus
954 3389 986 3449 in
999 3390 1074 3450 libro
1090 3391 1185 3452 bonae
1199 3394 1288 3452 notae
1301 3391 1384 3468 lege-

277 3505 378 3575 retur,
407 3519 476 3560 cum
490 3497 632 3560 Valerius
661 3513 781 3557 camon
804 3511 892 3553 auum
914 3511 974 3553 non
995 3495 1215 3569 emendaverit,
1244 3491 1384 3572 suspitio-

277 3620 346 3661 nem
367 3619 427 3660 non
448 3607 591 3661 moveret.
613 3635 657 3644 -
678 3600 804 3658 lacunae
819 3613 896 3675 quae
910 3594 958 3656 IV
974 3599 1036 3656 287
1052 3597 1083 3656 in
1100 3596 1246 3658 Vaticano
1268 3598 1317 3656 est
1330 3613 1384 3654 ex-

277 3705 405 3784 plendae
419 3721 486 3762 cum
500 3703 565 3782 ipse
579 3701 744 3782 pericnlum
758 3699 889 3771 fecerim,
904 3696 1011 3777 quibus
1025 3697 1190 3759 rationibus
1204 3699 1312 3758 ductus
1327 3697 1385 3757 sim

277 3805 445 3869 accuratius
459 3805 671 3886 exponendum
684 3806 739 3864 est.
761 3799 874 3878 legitur
887 3799 919 3858 in
939 3799 1007 3864 VM
1016 3799 1166 3880 amflaum
1180 3803 1279 3862 notata
1293 3802 1330 3874 ct,
1349 3803 1385 3860 ut

276 3915 305 3973 ot
321 3912 352 3970 in
373 3910 440 3975 Va
462 3927 553 3968 manu
575 3908 671 3987 prima
694 3921 786 3984 supra
808 3921 931 3962 versum
951 3901 1087 3962 additum
1109 3903 1157 3979 eit,
1178 3903 1210 3964 in
1232 3901 1289 3984 Pa
1311 3903 1385 3963 arti·

268 4012 421 4094 ficumque
440 4013 553 4085 notata,
582 4029 641 4088 qua
670 4009 841 4070 coniectura
861 4008 959 4066 metro
983 4006 1101 4064 tantum
1122 4007 1292 4068 consultum
1313 4023 1384 4066 esse

275 4122 410 4197 apparat.
447 4112 599 4178 Can-ionis
621 4111 689 4172 libri
709 4110 857 4191 scriptura
869 4107 1032 4188 Artafloom
1053 4112 1135 4170 notat
1149 4110 1254 4192 apsain
1268 4109 1384 4190 pleras-

275 4238 333 4296 que
358 4219 502 4280 editiones
530 4215 649 4278 transiit
656 4239 664 4288 ;
693 4233 791 4294 quam*
806 4211 971 4274 Dorvillius
997 4213 1036 4272 ad
1066 4211 1177 4275 Charit
1200 4231 1228 4291 p.
1250 4211 1312 4270 592
1336 4210 1383 4271 ed

275 4321 356 4402 Lips.
371 4323 417 4382 his
432 4320 532 4382 verbis
555 4319 722 4382 enarravit:
736 4309 791 4378 ‘ita
815 4320 924 4378 sonant
945 4315 1001 4377 sub
1023 4314 1122 4396 plagis
1143 4317 1266 4394 pectora
1282 4311 1383 4372 Ponu-

307 4606 577 4948 Α)
634 4558 1048 4950 fjx
