3110 4972
419 446 442 486 c.
458 445 565 486 vsansr
579 405 678 486 resecr
700 445 921 486 sneousvrrcou
941 447 1026 486 nnsnn
1040 447 1080 488 ιν.
1236 418 1298 490 101

279 599 455 679 procumbit.
498 599 620 659 tandem
641 599 731 658 sessis
752 617 814 679 pax
836 597 956 659 reddita
980 599 1072 676 silvis,
1257 603 1299 660 20

227 729 229 734 ·
279 702 461 782 fluminaque
484 705 516 763 et
534 701 639 762 vacuis
659 700 780 761 auditae
800 701 953 762 montibus
976 719 1075 762 aurae.

343 863 423 924 Ecce
445 880 521 942 puer
544 880 660 942 summa
682 882 715 922 se
738 863 845 924 tollere
867 865 951 924 visus
973 866 1011 925 ab
1033 865 1114 924 unda

278 965 431 1028 frondibus
451 965 482 1024 in
504 965 616 1025 croceis
639 966 671 1025 et
691 964 809 1046 iniquae
831 986 956 1028 munere
977 961 1146 1047 Nymphae,

279 1071 423 1146 stansque
444 1086 535 1147 super
556 1085 657 1127 carum
679 1066 748 1127 talis
771 1071 862 1148 eaput
882 1071 973 1130 edere
994 1088 1101 1130 voces:

274 1163 374 1251 ‘quid,
395 1172 498 1250 pater,
519 1169 550 1229 iu
571 1189 665 1231 vanos
687 1171 818 1244 absumis
839 1175 975 1252 tempora
996 1171 1139 1253 questus?
1255 1172 1295 1231 25

278 1273 335 1332 boo
355 1291 476 1347 nemus,
497 1271 527 1332 hi
548 1273 646 1332 fontes
669 1271 740 1332 mihi
762 1271 821 1332 iam
844 1273 965 1350 domus,
986 1274 1111 1354 inprobe
1132 1292 1190 1354 quo
1210 1292 1259 1332 rne

278 1375 420 1456 Nympha
441 1375 520 1456 rapit
542 1393 652 1436 saevae
675 1374 789 1434 monitu
811 1374 948 1450 Iunonis;
970 1376 1001 1436 in
1017 1394 1109 1449 ,eroes

278 1497 357 1538 nunc
378 1475 461 1538 Iovis
481 1495 621 1537 accessus
644 1478 676 1536 et
696 1476 755 1538 iam
776 1477 848 1538 mihi
866 1479 979 1540 lumina
1001 1479 1075 1546 caeli

278 1581 415 1642 conciliat
435 1579 591 1666 iungitque
614 1581 696 1640 toros
718 1582 750 1640 et
769 1581 858 1640 fontis
881 1584 1017 1643 honores.

280 1684 416 1745 odolor!
447 1701 463 1742 o
484 1683 586 1743 dulces
607 1699 682 1762 quas
704 1681 853 1758 gessimus
877 1685 947 1744 ante
969 1685 1142 1765 pharetrae!
1252 1687 1294 1746 30

276 1787 337 1847 iam
357 1786 430 1846 socii
450 1785 537 1845 laetis
560 1787 726 1864 rapuerunt
743 1786 863 1846 vincula
882 1787 993 1862 ventis,
1043 1841 1046 1850 ,
1146 1807 1153 1821 ·

277 1889 412 1949 hortator
433 1889 591 1968 postquam
613 1887 698 1948 furiis
723 1890 756 1948 et
775 1909 849 1952 voce
870 1889 1000 1962 nefanda

278 1991 387 2071 inpulit
408 1987 546 2050 Oenides.
590 2010 697 2050 verum
718 2011 785 2050 cum
809 1994 901 2070 gente
922 1970 1069 2072 (iomoque

278 2095 338 2156 ista
358 2093 423 2155 luet
444 2111 613 2172 saevaeque
636 2093 764 2154 aderunt
786 2097 839 2155 tua
859 2094 980 2156 numina
1001 2094 1105 2155 matri.¹

279 2185 370 2274 surge
391 2214 449 2274 age
471 2200 502 2255 et
522 2195 554 2254 in
577 2195 659 2256 duris
676 2198 751 2258 haut
771 2217 911 2278 umquam
932 2196 1025 2257 defice
1031 2221 1038 2271 ;
1061 2198 1142 2258 caelo
1251 2198 1291 2256 35

278 2320 349 2360 mox
369 2297 469 2358 aderis
491 2301 579 2378 teque
602 2302 684 2360 aetra
704 2300 817 2374 ferent5
840 2303 873 2360 tu
896 2319 1015 2381 semper
1037 2300 1147 2361 amoris

279 2403 321 2463 sis
342 2421 455 2463 memor
475 2407 507 2463 et
528 2402 589 2462 cari
609 2401 724 2463 comitis
744 2423 783 2463 ne
801 2401 942 2464 abscedat
961 2393 1076 2481 imago?

277 2506 387 2568 talibus
410 2509 544 2566 orantem
566 2505 654 2566 dictis
676 2505 803 2585 visuque
823 2507 971 2566 fruentem

278 2611 329 2672 ille
352 2608 430 2669 ultro
453 2608 529 2688 petit
553 2609 584 2671 et
605 2607 708 2667 vacuis
731 2608 919 2688 amplexibus
941 2606 1035 2669 instat

276 2713 508 2792 languentisque
531 2711 632 2770 movet
653 2709 765 2772 frustra
789 2713 943 2773 conamina
965 2713 1106 2773 dextrae:
1250 2711 1294 2768 40

278 2827 386 2898 corpus
408 2816 499 2874 hebet
521 2833 624 2873 somno
647 2814 810 2895 refugaque
832 2815 964 2875 eluditur
984 2815 1098 2876 umbra.

275 2927 340 2984 tum
362 2917 507 2991 lacrimis,
529 2919 593 2977 tum
614 2934 688 2976 voce
711 2917 812 2996 sequi,
834 2920 898 2979 tum
918 2934 1060 2998 rumpere
1083 2917 1220 2997 questus;

276 3045 344 3086 cum
364 3042 453 3103 sopor
475 3025 506 3080 et
528 3037 605 3079 vano
627 3035 698 3098 spes
719 3021 835 3079 maesta
852 3019 1014 3082 resolvitur
1033 3024 1110 3082 actu.

294 3329 327 3374 20
345 3338 395 3389 pax
415 3333 451 3392 sp:
471 3324 508 3374 fas
530 3325 588 3383 Vr,
607 3321 649 3369 tex
666 3335 690 3366 m
760 3319 831 3368 siluis
850 3323 894 3370 H:
912 3321 977 3371 silua
998 3323 1064 3372 VP,
1112 3324 1143 3370 21
1163 3315 1293 3368 Flumina·

190 3429 252 3480 quse
275 3414 299 3462 V
367 3425 429 3474 eque
446 3409 514 3459 cavis
531 3409 652 3457 Heinsius
738 3410 769 3455 25
789 3403 899 3454 absumis
917 3421 970 3456 nse:
996 3404 1107 3456 adsumis
1131 3406 1162 3464 V,
1186 3399 1293 3452 assumis

190 3503 214 3550 P
279 3499 397 3562 quaestus
419 3497 445 3546 V
528 3499 560 3544 26
585 3491 614 3542 bi
636 3489 719 3539 fontes
735 3491 873 3541 Heinsius:
899 3493 962 3562 baec
983 3491 1044 3542 fatis
1063 3493 1129 3543 VPO
1216 3493 1248 3539 27
1266 3487 1296 3536 in

190 3600 260 3635 moes
278 3583 404 3634 Iusobsius
421 3583 437 3630 i.
458 3581 474 3628 i.
492 3595 520 3640 p.
542 3583 588 3628 ri:
613 3576 641 3626 iu
664 3591 750 3625 amnes
773 3578 803 3636 V,
829 3575 916 3626 inanes
934 3579 989 3638 Pu,
1017 3582 1042 3626 et
1060 3580 1115 3626 astu
1135 3579 1173 3625 osi
1197 3578 1222 3624 et
1240 3575 1294 3622 srte

186 3647 311 3720 ,nunnus
398 3671 430 3716 cs
448 3664 537 3714 nmina
556 3667 634 3723 non,
655 3663 793 3720 usserius,
811 3663 1003 3728 Zinzerlinyiuq
1022 3664 1188 3712 numnius.
1226 3657 1295 3715 Quin

191 3755 260 3806 Iovis
279 3767 392 3803 accessus
409 3750 485 3800 etiem
504 3752 529 3798 et
546 3748 612 3800 mibi*
627 3748 716 3799 limina
734 3747 798 3798 caeli
815 3750 938 3798 Heinsius
1042 3754 1074 3800 29
1092 3747 1178 3811 iungit
1195 3746 1228 3796 Μ

191 3845 260 3892 toros
277 3843 451 3888 Burmannus:
471 3853 513 3885 om.
536 3837 594 3894 VP,
615 3849 675 3883 suos
695 3836 726 3894 0,
747 3849 835 3899 preces
854 3845 877 3902 ψ
947 3840 980 3886 30
1001 3836 1133 3900 pharetrae
1154 3835 1212 3882 Om:
1230 3831 1294 3897 pha-

190 3909 285 3978 retram
293 3927 324 3986 V,
344 3925 477 3988 pharetras
496 3922 521 3970 Ρ
573 3925 604 3970 31
623 3919 813 3970 laetis—votis
830 3923 868 3970 usi
885 3920 1105 3972 oblatis-ventis
1122 3918 1244 3970 Heinsius

193 4019 226 4064 34
245 4028 290 4064 sua
301 4013 436 4068 Heinsius,
453 4006 504 4056 trie
515 4001 740 4066 Burmannus,-‘ut
753 4009 843 4056 Burnus
860 4003 1048 4072 iniciieqantur‘
1120 4008 1152 4054 36
1169 3999 1210 4065 tu]
1228 4014 1295 4050 nuno

193 4101 350 4149 Biumunnus
420 4101 453 4146 38
469 4095 588 4158 iussuque
606 4093 639 4142 H
688 4091 811 4141 fruentem
828 4101 881 4157 qis:
899 4092 997 4142 fruente
1015 4089 1107 4139 fruitur
1124 4089 1179 4139 VH
1195 4085 1297 4152 (fruitur

192 4189 222 4234 in
239 4187 272 4234 M
282 4193 340 4245 posi
358 4181 485 4246 deletus),
503 4180 627 4229 furentem
645 4179 669 4226 P
735 4181 768 4227 39
785 4176 847 4224 istst
871 4179 895 4228 V
960 4181 992 4226 42
1012 4189 1087 4223 uoces
1108 4175 1133 4224 V
1182 4174 1298 4236 quaestus

199 4271 224 4322 V
289 4273 343 4318 tum
362 4283 434 4319 uoces
454 4265 567 4331 sequitur
585 4277 683 4328 quoque
705 4265 809 4326 questus
826 4262 850 4310 P
951 4267 984 4312 43
1003 4274 1095 4325 sopore
1110 4261 1155 4309 tua
1170 4271 1221 4306 nox
1238 4272 1297 4320 per·

194 4358 274 4406 mesta
289 4357 313 4404 P
378 4358 451 4404 aestu
467 4352 602 4410 Heinsius,
620 4348 673 4400 ictu
690 4350 849 4399 Burnunnus
903 4377 904 4382 =
1230 4351 1233 4366 ¹
