3086 4968
252 397 322 478 dLVI
688 437 917 480 Paaasaomort

253 605 389 681 videtur,
417 604 512 667 veluti
533 607 569 666 ut
590 605 646 666 hoo
670 604 772 668 ludam
792 605 945 669 cucata
966 609 1063 668 amam.
1101 603 1181 668 unde
1203 611 1372 691 consequi-¹

253 710 303 769 tur
327 725 366 767 ne
393 707 567 770 macenias
593 707 713 788 quidem
740 729 847 771 sanum
872 729 952 785 esse;
981 729 1035 792 pro
1065 729 1123 791 quo
1153 731 1278 775 mouera
1307 711 1360 774 dat

250 829 442 892 reponerem,
463 810 521 871 nisi
542 811 633 872 dandi
653 812 798 874 vocabulo
818 813 960 875 Valerius
982 812 1014 872 in
1034 830 1127 874 versu
1148 814 1359 896 quisequitur

251 933 327 976 usos
353 916 444 975 esset.
479 913 531 978 ubi
558 934 612 994 pro
640 935 714 996 quae
742 915 831 978 dabat
857 919 886 978 et
905 920 987 1000 picto
1017 918 1068 978 vel
1088 937 1142 998 pro
1165 936 1201 980 eo
1224 917 1304 998 quod
1324 918 1357 980 in

251 1019 442 1080 adnotatione
469 1017 571 1078 critica
598 1018 741 1099 proposui
762 1037 836 1099 quas
862 1018 983 1083 dederat
1002 1023 1085 1103 picta
1112 1023 1141 1082 et
1169 1039 1230 1082 non
1254 1022 1357 1102 inepte

249 1123 379 1184 fortasse
400 1122 544 1183 conicitur
565 1141 639 1202 quas
657 1125 742 1184 uerat
753 1123 836 1203 picto
857 1125 892 1184 et.

354 1226 385 1287 V
406 1227 468 1286 670
490 1225 585 1286 verba
613 1228 783 1305 quaesunt
802 1224 860 1303 fac
889 1226 1007 1307 aliquae
1034 1229 1176 1306 moueant
1198 1227 1356 1307 permultis

250 1329 428 1392 coniecturis
448 1330 596 1407 temptata
617 1329 704 1403 sunt,
734 1345 809 1408 quas
837 1326 869 1387 in
896 1329 1088 1390 adnotatione
1109 1331 1215 1391 nostra
1235 1349 1356 1390 enumc-

249 1437 332 1494 ratas
352 1432 453 1492 habes.
488 1429 543 1490 sed
560 1432 689 1510 excepta
705 1428 871 1491 Heinsiana
885 1431 997 1513 fasque
1011 1433 1088 1494 uitat
1098 1431 1144 1494 art
1156 1435 1227 1495 tara
1240 1438 1354 1514 queant,

249 1537 344 1598 multo
366 1535 419 1596 illa
447 1533 620 1608 audaciore,
654 1551 744 1613 quam
768 1553 845 1614 quae
870 1533 901 1595 in
928 1537 1021 1597 verba
1043 1536 1151 1615 poetae
1170 1535 1265 1616 recipi
1285 1555 1355 1616 pos·

250 1642 307 1717 sit,
330 1659 432 1702 omnes
453 1636 570 1720 videbis
591 1635 634 1698 ita
657 1639 844 1717 comparatas
868 1657 952 1713 esse,
973 1641 1009 1699 nt
1030 1639 1102 1700 ordo
1124 1639 1354 1701 constructionis

153 1789 158 1801 ,
228 1735 388 1805 'turbetur
406 1743 437 1802 st
456 1740 552 1803 oratio
572 1739 684 1801 existat
704 1739 894 1818 ineleganter
915 1743 1051 1823 abrupta.
1087 1760 1145 1823 quo
1169 1741 1355 1819 factumest,

248 1849 284 1909 ut
302 1847 414 1908 reiecta
427 1864 517 1923 qnam
530 1843 600 1905 olim
614 1843 812 1924 probaveram
827 1845 998 1906 coniectura
1010 1845 1116 1907 Pallas
1127 1843 1200 1926 qaid
1213 1844 1355 1926 aeqamtl

248 1968 371 2011 versum
394 1947 584 2009 intercidisse
612 1947 684 2007 mihi
710 1948 938 2027 persuaderem,
966 1968 1033 2008 oum
1059 1948 1297 2028 praesentimus
1317 1967 1354 2010 sa

249 2053 370 2132 quidem
393 2069 469 2131 quae
490 2049 626 2131 proxime
648 2049 798 2110 antecedit
820 2050 970 2112 sententia
990 2052 1082 2132 plene
1101 2070 1170 2112 esse
1190 2051 1307 2113 rideret
1346 2099 1352 2112 .

247 2175 318 2217 nam
340 2157 452 2218 altimus
472 2153 623 2216 indecores
645 2152 719 2214 nihil
739 2151 858 2232 quidem
879 2153 971 2215 habet
993 2174 1052 2233 quo
1074 2153 1274 2230 offendamur,
1298 2155 1353 2216 sed

244 2261 356 2322 atdraus
376 2258 450 2319 illud
471 2259 510 2319 ad
530 2277 567 2319 ea
589 2275 706 2339 quoque
728 2273 806 2335 quae
819 2259 962 2318 secuntur
973 2257 1154 2340 frustraque
1168 2261 1209 2320 tot
1224 2279 1352 2340 aequora

245 2370 343 2428 aedae
363 2365 492 2425 relatum
514 2360 667 2442 displicet;
689 2361 883 2439 expectamus
905 2361 1021 2441 potius,
1044 2360 1212 2422 Minervam
1234 2363 1351 2443 quaesi-

141 2505 144 2512 =
246 2469 345 2543 visse,
369 2485 442 2527 nam
467 2465 527 2545 ipsi
550 2466 583 2524 et
611 2462 719 2523 Iunoni
746 2463 859 2523 frustm
880 2464 926 2524 tot
953 2482 1085 2543 aequora
1112 2465 1225 2526 evectis
1255 2466 1351 2526 omnis

246 2587 317 2649 spes
340 2585 417 2649 quae
437 2566 666 2648 proposuissent
689 2565 745 2626 sibi
760 2565 962 2644 consequendi
980 2565 1157 2646 deponenda
1173 2571 1262 2629 esset.
1296 2570 1351 2630 ssd

246 2671 365 2734 etiamsi
386 2689 509 2732 versum
527 2669 716 2730 intercidisse
733 2669 885 2749 probetur,
907 2672 1007 2731 tamen
1021 2668 1079 2748 fas
1097 2671 1215 2750 aliquae
1229 2675 1352 2754 nequeat

244 2775 339 2837 verba
366 2775 434 2835 nolo
462 2771 563 2853 putari
591 2771 635 2831 ita
664 2789 733 2832 esse
761 2772 872 2833 tradita
902 2776 937 2834 at
958 2771 1100 2834 Valerius
1129 2775 1296 2855 scripserit:
1318 2775 1351 2837 id

244 2899 338 2942 unum
359 2877 564 2940 demonstrare
584 2875 682 2951 volui,
705 2879 818 2937 certam
839 2895 943 2938 eorum
962 2877 1201 2939 emendationem
1219 2878 1349 2940 inveniri

242 3003 304 3044 non
329 3001 436 3062 posse,
464 2982 543 3060 quod
571 2980 650 3041 inter
676 2978 743 3059 ipsa
771 2981 803 3040 et
833 2999 870 3040 ea
897 2999 973 3060 quae
1001 2980 1137 3060 proxime
1168 2981 1349 3042 antecedunt

243 3085 461 3148 sententiarum
482 3083 662 3146 continuitas
684 3083 853 3163 interrupta
875 3083 922 3144 sit.

314 3214 320 3228 ¹
346 3188 392 3250 Vt
412 3187 444 3248 in
462 3188 538 3248 libro
559 3188 646 3247 sexto
665 3185 745 3246 inter
768 3189 807 3247 95
830 3187 862 3246 et
884 3191 924 3248 96
946 3187 1061 3248 hiatum
1084 3206 1153 3247 essa
1174 3189 1347 3264 statuerem,

239 3293 272 3355 id
291 3293 361 3354 inds
384 3292 582 3369 factumest,
612 3289 692 3368 quod
715 3290 819 3350 versui
842 3292 900 3365 95,
929 3290 964 3349 ut
985 3275 1104 3351 Heinsii
1130 3291 1162 3350 et
1182 3283 1347 3370 Burmanni

240 3395 418 3458 coniecturis
453 3396 613 3477 probetur,
644 3412 718 3454 sana
753 3393 903 3454 sententia
931 3393 1103 3472 recuperari
1139 3394 1260 3474 nequit,
1288 3394 1347 3455 nisi

239 3499 383 3560 librorum
410 3499 554 3558 memoria
574 3496 736 3558 violentias
764 3516 854 3576 qoam
875 3515 931 3576 par
952 3497 1001 3558 est
1021 3495 1195 3569 immutata3
1221 3515 1291 3558 nam
1313 3500 1346 3559 et

240 3604 286 3663 aet
303 3601 359 3662 ati
378 3601 409 3660 et
430 3599 584 3662 Sidonicas
612 3599 643 3658 et
663 3602 883 3660 antistarent
903 3601 1009 3679 aequat
1025 3615 1117 3659 voces
1138 3599 1345 3661 emendatione

239 3703 373 3784 egerent.
410 3721 555 3762 versuum
579 3704 681 3762 antem
709 3702 933 3783 deperditarum
961 3700 1033 3780 quid
1058 3703 1230 3780 argumenti
1249 3703 1344 3764 fuisse

239 3806 409 3870 existimem
434 3803 567 3865 breviter
594 3803 713 3884 quidem
740 3804 800 3865 iam
822 3802 886 3865 dixi
905 3804 937 3863 in
958 3804 1163 3881 adnotatione,
1181 3793 1279 3866 'video
1297 3808 1343 3868 ta-

237 3930 307 3972 men
320 3908 488 3972 addendum
511 3925 589 3982 esse,
608 3903 740 3972 Sidonici
753 3906 872 3987 pedites
886 3904 958 3986 quid
972 3907 1184 3987 aequavisssnt
1196 3943 1239 3954 -
1251 3929 1342 3989 equo-

236 4034 305 4076 rum
325 4014 358 4074 ni
381 4011 468 4073 fallor
488 4009 671 4072 celeritatem
692 4041 731 4053 —
757 4007 886 4089 primum
906 4009 1107 4089 significatum
1123 4011 1218 4073 fuisse
1235 4013 1341 4092 videri,

237 4118 344 4180 deinde
378 4116 507 4176 relicuas
542 4112 742 4173 Batarnarum
773 4115 881 4191 gentes
919 4113 957 4173 de
992 4114 1099 4192 quibus
1135 4113 1243 4178 Strabo
1272 4118 1290 4178 l.
1319 4118 1338 4180 l.

234 4219 368 4300 loquitur
393 4218 480 4280 simili
507 4217 594 4278 modo
615 4215 797 4296 descriptas,
827 4216 1014 4276 enuntiatum
1035 4219 1135 4278 autem
1158 4219 1201 4280 sio
1223 4221 1339 4282 contor-

235 4324 363 4397 metumj
384 4324 419 4381 ut
440 4322 495 4382 abi
514 4318 655 4381 adverbio
674 4318 761 4379 atltae
780 4318 984 4397 responderet
1003 4353 1047 4363 -—
1069 4319 1159 4382 etiam
1180 4325 1250 4402 post
1274 4327 1332 4384 101
