3086 4968
634 463 723 506 cunr
740 465 773 506 11.
1168 467 1260 522 um

145 631 251 696 Carrio
272 651 291 693 e
312 631 388 694 libro
410 649 465 694 suo
482 629 608 713 protulit
622 630 796 712 scripturas,
816 649 871 693 eae
885 651 954 694 oum
966 633 1040 696 nihil
1052 633 1259 698 eonferautad

87 791 90 798 ⁴
143 737 224 798 hunc
244 753 371 797 versum
383 733 604 796 emendandum
615 736 681 800 tum
692 734 784 796 valde
795 738 957 816 suspectae
973 740 1052 816 sunt
1065 738 1134 820 quia
1146 757 1258 818 magne

143 842 194 902 est
216 857 323 902 earum
345 836 600 900 cumItalicorum
623 837 767 900 librorum
789 838 968 902 testimoniis
986 839 1158 902 similitudo.
1187 859 1258 904 uam

134 940 277 1020 futorum
308 940 388 1023 quod
416 941 449 1002 in
479 961 573 1004 versu
601 945 643 1004 83
674 940 826 1006 Garriouis
861 943 958 1004 codex
984 943 1089 1006 habuit
1117 962 1134 1004 e
1162 963 1257 1008 versu

142 1045 302 1128 Pomponii
327 1044 492 1126 repetitum
519 1063 588 1106 esse
616 1047 719 1126 potest
746 1047 780 1108 et
805 1045 837 1108 iu
864 1063 958 1108 versu
986 1049 1043 1122 84,
1068 1046 1119 1126 qui
1146 1048 1185 1108 ab
1206 1047 1257 1111 od-

142 1147 294 1230 dictaeque
304 1147 338 1210 in
347 1146 398 1208 illo
412 1146 488 1210 libro
499 1147 668 1230 incipiebat,
685 1148 890 1231 udddtnorque
904 1148 1123 1212 inMonaceusi
1135 1168 1154 1210 a
1165 1169 1257 1212 mann
1279 1207 1281 1220 ,

144 1251 278 1312 secunda
300 1254 468 1314 correctum
487 1254 543 1314 est
566 1285 609 1296 —-·
631 1251 662 1313 V
679 1255 744 1313 466
764 1249 860 1330 effuoc
879 1251 1000 1333 &aab
1020 1253 1112 1314 babet
1133 1253 1255 1318 Vatica-

141 1371 208 1414 nus.
242 1351 338 1433 effuse
356 1374 425 1416 oum
447 1357 587 1425 hocloco
608 1355 745 1436 ineptum
765 1355 822 1430 sit,
844 1353 941 1434 offusa
963 1352 1135 1418 Gronovius
1156 1357 1253 1420 conie-

142 1457 201 1533 cit,
226 1458 307 1536 quod
328 1457 455 1539 Heinsio
477 1461 600 1520 auctore
621 1457 682 1518 iam
703 1476 724 1520 a
742 1456 937 1520 Burmannno
956 1461 1112 1541 receptum
1135 1463 1188 1522 est
1224 1461 1256 1522 in

142 1561 246 1626 Gioit
265 1559 380 1641 effulsit
399 1561 506 1638 Boou,
537 1559 617 1642 quod
639 1559 741 1623 Carrio
759 1559 828 1641 ipse
846 1562 1037 1642 reprobavit,
1065 1582 1133 1626 cum
1154 1564 1256 1628 Itaeos

143 1664 304 1728 Colchidos
330 1663 444 1726 incolas
465 1662 635 1744 appellatos
654 1681 715 1726 nou
736 1683 805 1724 esse
830 1663 928 1727 sciret
948 1699 991 1712 —·
1013 1665 1061 1728 VI
1083 1670 1146 1730 208
1168 1668 1256 1730 libra-

142 1767 258 1830 riorum
275 1767 472 1846 noglegentia
484 1765 653 1828 Vaticanus
672 1766 782 1828 misere
803 1773 962 1850 corruptus
982 1771 1043 1844 cst;
1063 1773 1133 1850 post
1154 1771 1256 1835 adver

142 1869 318 1934 cumcuim
344 1871 458 1950 legibur
481 1871 600 1952 ulceret.
637 1869 801 1950 inquibus
829 1871 937 1934 litteris
968 1891 1075 1934 nomen
1102 1875 1256 1955 proprium

143 1973 266 2053 aliquod
293 1975 389 2036 latere
411 1978 443 2036 et
466 1974 553 2036 facile
582 1975 631 2034 est
658 1973 698 2034 ad
719 1972 912 2036 divinandum
934 1976 967 2034 et
988 1973 1137 2039 divinavit
1157 1975 1255 2038 Italus

143 2078 277 2158 quiderm
305 2095 376 2140 nam
402 2075 521 2138 Heinsii
549 2075 645 2136 codex
666 2075 770 2155 regius
792 2077 915 2140 exhibet
942 2077 1038 2142 Gelae
1057 2081 1147 2156 iacit,
1175 2080 1255 2160 quod

141 2199 204 2242 non
224 2179 362 2240 dubitavi
380 2179 524 2259 recipere.
564 2175 715 2240 Carrionis
735 2177 812 2240 libro
831 2177 938 2240 infelix
961 2173 1132 2243 coniectura
1149 2199 1256 2263 propa-

142 2285 218 2362 gata
239 2285 289 2345 est
311 2299 389 2361 quae
410 2283 458 2342 est
476 2283 613 2364 premier
632 2283 712 2344 iacit.
736 2315 779 2326 -
800 2279 847 2341 VI
868 2283 932 2344 537
954 2302 1012 2346 noo
1027 2301 1143 2366 pascuo
1164 2305 1256 2348 nexos
1375 2311 1377 2316 ·

142 2385 285 2450 Vaticani
304 2368 448 2446 memoria
463 2385 519 2444 est
554 2401 646 2444 necros
660 2401 722 2444 vox
737 2385 879 2464 corrupta
892 2384 1021 2466 quidem,
1041 2403 1140 2465 neque
1154 2388 1256 2448 tamen

142 2487 275 2564 dubium,
297 2486 369 2568 quid
383 2485 525 2548 Valerius
547 2485 714 2566 scripserit;
733 2505 786 2548 ceo
806 2488 857 2551 bos
876 2487 955 2550 enim
976 2488 1056 2569 quod
1069 2488 1140 2551 Itali
1158 2490 1256 2570 suspi-

142 2591 203 2652 cati
223 2591 296 2652 sunt
318 2593 351 2652 et
373 2589 543 2652 litterarum
562 2587 755 2650 similitudine
770 2591 997 2654 commendatur
1010 2595 1043 2656 et
1057 2592 1255 2656 concinnitate

142 2693 369 2756 sententiarum.
406 2691 509 2756 Carrio
539 2711 556 2752 e
585 2692 686 2754 codice
708 2710 763 2754 suo
783 2713 835 2755 neo
857 2714 923 2777 spec
944 2694 1044 2772 dedit,
1074 2697 1156 2776 quod
1177 2697 1255 2759 Vos·
1297 2713 1304 2729 ·

103 2876 109 2886 ἱ
142 2797 207 2860 sius
229 2796 370 2878 probavit
390 2798 423 2858 et
449 2794 675 2876 sic‘explieuit:
702 2791 823 2858 ‘Armes
844 2795 916 2858 villo
936 2799 968 2860 et
987 2797 1126 2860 cornibus
1151 2783 1186 2858 se
1208 2817 1255 2860 or·

142 2901 232 2962 naret
260 2899 299 2962 ad
320 2899 526 2962 incutiendum
547 2898 685 2961 hostibus
707 2899 861 2960 terrorem.
896 2897 981 2960 Aron
1002 2900 1049 2962 his
1071 2919 1132 2962 nou
1154 2903 1254 2963 motus

142 3004 237 3082 negat
256 3001 300 3063 illi
321 3021 389 3064 cum
409 3002 579 3083 pastoribus
600 3000 712 3063 timidis
734 3019 800 3062 rem
820 3021 898 3077 esse,
919 3002 1062 3082 nullaque
1079 3003 1108 3066 ei
1121 3003 1169 3066 hic
1185 3023 1255 3066 esse

142 3124 257 3190 pascua
275 3108 328 3168 aut
350 3125 435 3187 spem
453 3103 610 3167 nocturnis.
627 3103 756 3185 rapinis,
779 3106 962 3185 quapropter
982 3105 1161 3168 simulachra
1182 3107 1257 3172 haec

142 3196 324 3272 dimitteret'
360 3209 468 3290 quibus
489 3208 591 3269 verbis
608 3208 739 3270 Vossius
761 3207 872 3268 nemini
892 3208 1052 3288 persuasit,
1075 3209 1255 3289 scripturam

143 3308 296 3373 Carrionis
325 3329 386 3373 non
411 3312 564 3391 languere.
601 3311 704 3392 itaque
731 3309 897 3372 Salmasius
925 3330 978 3372 nec
1002 3330 1070 3393 cepo
1088 3312 1253 3394 proposuit,

60 3441 62 3446 ·
142 3414 192 3476 oui
213 3414 403 3478 coniecturae
424 3413 571 3476 Heinsius
596 3417 629 3477 et
649 3413 841 3476 Burmannus
871 3411 972 3474 album
998 3412 1146 3476 calculum
1174 3413 1255 3475 adis-

142 3521 266 3593 cerunt,
285 3535 346 3578 nou
367 3516 506 3578 videntes
527 3515 587 3592 illi,
614 3535 652 3578 ee
672 3518 796 3599 recepta
815 3515 1046 3577 concinnitatem
1065 3517 1188 3580 turbari
1224 3517 1254 3580 id

142 3621 224 3699 quod
251 3639 311 3681 non
340 3618 420 3698 fugit
441 3618 686 3701 Peerlkampum,
715 3619 766 3700 qui
795 3639 848 3681 oce
874 3637 953 3700 prece
984 3617 1127 3694 coniecit;
1157 3637 1255 3701 neque

142 3722 245 3785 dubito
281 3722 381 3786 virum
419 3721 650 3802 sagacissimum
681 3720 828 3784 Italorum
866 3721 1023 3784 inventum
1059 3723 1255 3802 probaturum

142 3825 251 3902 fuisse,
278 3826 307 3888 si
328 3824 469 3888 Vaticani
490 3824 662 3887 testimonio
683 3843 758 3886 usus
781 3827 871 3886 esset
895 3829 939 3870 -'
960 3825 1025 3889 VH
1047 3830 1112 3888 379
1133 3827 1251 3888 Vatica-

142 3949 201 3990 nus
223 3929 315 3992 habet
335 3931 455 4010 coycti,
475 3927 556 3988 unde
577 3931 684 4011 royunt
705 3926 776 3988 Itali
795 3927 962 3993 elicuerunt
982 3929 1021 3990 ab
1040 3927 1165 3988 Heinsio
1186 3947 1253 4008 pro·

142 4031 212 4094 bati
250 4033 352 4095 volunt
381 4031 461 4111 quod
484 4032 515 4092 in
536 4030 611 4091 libro
634 4026 786 4090 Carrionis
814 4029 871 4091 fuit
892 4048 980 4090 nemo
1002 4049 1062 4092 uon
1086 4029 1179 4090 sentit
1199 4029 1253 4092 mi·

142 4155 202 4196 nus
214 4135 332 4216 poetice
345 4134 459 4195 dietum
472 4151 547 4194 esse.
564 4167 608 4178 -
629 4131 694 4194 VH
717 4136 777 4194 635
801 4132 945 4196 adtonitos
966 4131 1088 4196 editioni
1102 4128 1253 4193 (laurionis

142 4237 246 4300 deberi
266 4238 343 4313 dixi,
369 4255 549 4319 quamquam
566 4255 626 4298 non
647 4235 760 4310 dubito,
777 4235 849 4314 quiu
869 4235 930 4296 iam
951 4235 983 4294 in
1003 4233 1169 4313 antiquiore
1192 4234 1251 4296 edi·

141 4340 224 4408 tione
254 4341 284 4402 id
311 4351 491 4423 expressum
519 4339 573 4414 sit;
604 4339 658 4400 sed
687 4337 769 4400 carui
794 4337 854 4398 illis
879 4334 995 4398 Valerii
1024 4336 1246 4416 exemplaribus

197 4445 271 4492 curro,
287 4444 338 4486 vni.
353 4445 388 4486 r1.
1027 4439 1040 4488 l
