3132 4968
585 412 807 495 sseoaivuuou
830 451 915 494 msa
930 453 949 493 Ι.

299 602 438 678 Alciden
462 601 533 668 olim
551 601 670 666 Lernae
692 603 834 674 defensus
855 605 895 669 ab
916 623 1017 685 angue

299 705 411 782 Areas3
433 709 466 768 et
486 705 630 770 ambobus
652 706 712 770 iam
731 726 843 773 cornus
861 707 956 774 frasta
975 706 1117 770 iuvenois.

299 810 345 872 ira
367 810 460 872 maris
481 809 622 888 vastique
642 808 763 890 plaoent
784 809 955 876 discrimina
974 811 1068 893 ponti

298 914 393 975 tum
383 931 524 975 iuvenem
546 912 708 993 tranquilla
729 915 818 976 tuens
837 931 895 978 nso
917 913 1016 976 fronte
1037 911 1188 976 timeum

300 1017 480 1099 ooeupatet
466 1014 578 1078 tiiatis
600 1013 654 1080 dnt
673 1017 793 1080 vultum
814 1020 847 1080 et
858 1016 1002 1103 pondera
1022 1016 1117 1082 dietis.
1292 1007 1296 1016 ’

294 1111 385 1183 ‘hane
403 1118 476 1181 mihi
496 1117 649 1193 militiam,
667 1118 806 1180 veterum
824 1136 903 1199 quae
922 1119 1074 1203 pulohqior
1094 1119 1179 1198 sotis,
1275 1125 1318 1186 40

298 1225 397 1286 adnue
419 1223 516 1303 daque
538 1220 676 1284 animum.
720 1221 816 1284 nostri
837 1221 876 1286 de
898 1221 1047 1303 sanguino
1067 1222 1198 1288 Phrixus

301 1323 448 1388 Cretheos
470 1329 505 1394 ut
526 1323 639 1406 patnias
659 1323 772 1386 audisti
794 1323 934 1405 effugerit
953 1327 1033 1390 aras.

298 1429 378 1489 huno
397 1428 480 1490 ieras
501 1425 630 1504 Aeetes,
653 1425 809 1509 Soythiam
829 1427 1008 1511 Phasimque
1027 1429 1177 1510 figentem
1264 1497 1266 1502 ,

299 1528 352 1608 qui
371 1529 443 1592 coiit
464 1531 536 1608 (heu
557 1529 660 1611 magni
681 1529 759 1594 Solis
781 1530 922 1613 pudori),
943 1531 1065 1614 hospita
1080 1531 1151 1596 vina

298 1781 340 1844 nil
361 1781 457 1845 nostri
478 1782 639 1864 divumque
660 1800 782 1843 memor.
826 1801 886 1844 non
907 1781 1013 1844 nuntia
1033 1782 1152 1845 tantum
1273 1789 1314 1848 46

216 1917 218 1924 1
296 1886 376 1947 fama
397 1887 506 1948 refert:
529 1885 629 1966 ipsum
647 1883 787 1946 iuuenem
808 1887 871 1947 tam
894 1905 987 1948 saeva
1009 1887 1188 1967 gementem,
1221 1923 1223 1926 -

297 1987 397 2070 ipsum
419 2009 493 2070 ego,
513 2008 581 2050 enm
603 2007 690 2050 serus
711 1989 809 2050 sessos
828 2007 918 2070 sopor
937 1989 1044 2071 alligat
1061 1992 1156 2069 artum,

297 2091 425 2173 aspicio,
445 2112 552 2174 meque
575 2091 708 2154 adsiduis
729 2093 830 2154 laeena
848 2090 928 2153 illius
951 2094 1057 2156 umbra

297 2195 455 2277 questibus
473 2199 506 2258 et
526 2195 630 2276 magni
648 2213 760 2255 numen
781 2194 874 2256 maris
894 2195 1005 2258 excitat
1025 2196 1122 2260 Helle.
1271 2201 1314 2260 50

297 2299 324 2366 si
343 2299 416 2362 mihi
442 2317 519 2381 qnae
541 2297 690 2378 quondam
716 2295 816 2372 vires,
836 2296 887 2358 vel
905 2298 1038 2380 pendere
1058 2319 1172 2381 poenas

297 2400 438 2465 Oolehida
458 2400 518 2462 iam
538 2403 569 2462 et
590 2399 673 2481 regis
693 2403 784 2482 eaput
807 2400 855 2462 hio
876 2401 973 2483 adque
994 2421 1078 2465 arma
1097 2403 1226 2465 videres.

297 2503 366 2566 olim
384 2504 470 2566 annis
489 2504 540 2566 ille
561 2504 651 2566 ardor
670 2504 775 2581 hebet,
796 2503 924 2565 neodum
945 2524 1013 2569 mea
1032 2507 1133 2590 proles

296 2606 419 2690 imperio
440 2610 471 2670 et
492 2607 562 2670 beili
584 2607 676 2668 rebus
696 2606 975 2688 matura'marique
1026 2623 1030 2632 ’

296 2712 347 2787 tu,
367 2709 415 2772 oui
438 2709 498 2772 iam
519 2727 669 2790 curaeque
689 2709 797 2788 vigent
820 2707 971 2790 animique
991 2710 1104 2788 viriles,
1271 2714 1313 2776 55

314 3011 347 3060 ³5
365 3007 467 3062 losanae
486 3010 534 3064 VP
615 3015 647 3064 ³6
666 3010 804 3062 Arohssc'
888 3011 921 3058 38
941 3005 1034 3058 Cuma
1119 3011 1314 3065 nassonia:

208 3090 301 3164 timens
323 3094 370 3146 VP
435 3093 554 3145 timendis
571 3095 603 3148 Μ
669 3099 701 3147 39
719 3093 785 3145 fletis
807 3093 892 3144 uultus
909 3091 952 3142 dat
977 3095 1003 3142 et
1022 3091 1136 3157 pondera
1152 3094 1227 3146 dietis
1244 3097 1313 3150 aas

210 3179 342 3228 Parisinus
362 3183 427 3230 7641
480 3177 565 3246 dietis]
592 3179 675 3232 verbis
698 3183 760 3230 maa
786 3195 839 3230 aaa
856 3181 972 3242 Baptista
994 3181 1040 3230 Pio
1064 3188 1087 3230 et
1103 3183 1245 3233 Bannanno

209 3267 243 3312 41
263 3277 365 3314 manum
381 3272 425 3314 aut
441 3263 525 3315 animo
541 3267 663 3318 Heinsius
746 3265 833 3332 iryxus
851 3267 876 3315 P
958 3268 990 3314 42
1012 3264 1116 3315 Creteus
1132 3269 1158 3318 P
1239 3267 1313 3320 audis

209 3346 254 3406 Μ,
273 3345 363 3398 auidus
381 3351 406 3401 P
470 3347 600 3414 effugerit
616 3365 669 3400 assa
688 3351 716 3400 in
734 3353 813 3399 wdiss
831 3365 874 3399 suo
891 3349 995 3398 Cassian
1013 3356 1117 3400 testatus
1133 3361 1171 3402 ast
1188 3355 1216 3404 in
1239 3357 1313 3406 easti-

207 3433 360 3496 aasentias,
386 3433 503 3498 effugerit
526 3437 554 3486 in
570 3449 597 3486 aa
613 3437 663 3502 lsai
679 3437 708 3486 in
726 3437 824 3486 satoiiis
841 3437 968 3484 adnotavit
990 3441 1014 3482 st
1037 3436 1066 3484 in
1089 3445 1192 3500 utraque
1209 3441 1314 3489 editions

192 3519 332 3578 'aspasii
400 3522 432 3570 43
452 3519 542 3573 Aeetes
562 3521 642 3571 Aia:
660 3523 741 3583 etaV,
762 3525 819 3572 oeta
832 3522 873 3582 Μ,
894 3518 957 3570 Oeta
969 3522 994 3570 P
1010 3517 1041 3585 (0
1060 3523 1115 3570 add.
1130 3536 1161 3572 m.
1183 3510 1243 3584 aaa)

209 3605 244 3652 44
268 3617 375 3666 magnus
399 3605 522 3657 Francius
589 3607 657 3656 aster
682 3609 716 3656 44
734 3613 758 3654 et
778 3610 809 3658 46
837 3618 862 3666 χ
892 3607 988 3670 naama
1011 3607 1087 3654 minio
1106 3607 1202 3669 piatam
1227 3614 1264 3657 aa
1286 3609 1314 3658 ia

209 3699 286 3754 mara.
299 3688 330 3748 V,
347 3690 383 3738 Μ
395 3696 419 3738 ci
433 3691 523 3740 sationi
540 3703 600 3750 quos
615 3692 667 3740 vidi
683 3704 743 3739 saca.
753 3691 807 3741 XV
820 3692 879 3740 iitri
894 3694 1029 3754 praetsrP
1043 3700 1067 3741 at
1088 3693 1232 3744 Vatiaaaam
1247 3697 1314 3743 1614

209 3772 275 3822 tuna
291 3772 378 3823 daiam
395 3789 493 3826 versans
513 3774 583 3826 Inter
601 3779 626 3826 et
644 3772 766 3826 attonitas
786 3772 943 3840 (adthonitae
960 3777 1004 3836 Μ,
1030 3777 1073 3825 sad
1087 3776 1106 3825 h
1120 3786 1180 3841 post
1198 3765 1320 3838 deletam)

209 3859 304 3908 mactat
319 3858 452 3912 sollemnia
470 3859 598 3928 (solennia
609 3861 643 3912 Μ
647 3896 654 3921 ,
671 3858 794 3910 solemnia
805 3845 840 3926 a)
856 3875 967 3912 mensae.
1000 3863 1105 3911 Oarrion
1122 3879 1176 3912 sam
1193 3865 1314 3928 expressit

209 3955 288 4004 nsqas
305 3960 321 3992 a
344 3947 423 3998 cadiae
443 3961 487 3996 suo
509 3947 592 3996 assa
609 3948 743 3996 adnotavit.
775 3961 824 4008 pro
842 3947 963 3999 attonitae
982 3949 1083 3996 saniant
1100 3947 1214 3998 admotae
1233 3949 1313 3996 Hein-

211 4031 264 4080 sius
341 4031 571 4098 nonnumquam
639 4036 671 4084 41
687 4029 808 4082 ferentem
823 4033 940 4083 Friesem.
960 4033 978 4082 t.
999 4035 1016 4082 1.
1031 4050 1060 4095 p.
1082 4034 1112 4082 'il
1183 4029 1314 4081 48iessos

210 4116 292 4168 MPV
307 4131 337 4168 m.
359 4133 425 4170 saa:
447 4115 530 4170 fessus
552 4117 577 4169 V
643 4115 740 4182 adligat
756 4116 791 4165 Μ
872 4123 904 4169 49
929 4130 1018 4180 meque
1044 4113 1154 4166 assiduis
1178 4113 1262 4166 laeena
1281 4115 1315 4166 0:

209 4198 294 4250 lacera
317 4200 429 4254 adsiduis
455 4201 573 4268 (assiduis
598 4200 636 4268 P)
658 4217 765 4269 namque
788 4204 834 4254 VP
922 4204 955 4251 110
979 4197 1062 4250 hellas
1085 4201 1110 4249 P
1198 4203 1231 4249 111
1252 4214 1316 4264 pon·

210 4283 269 4334 dese
285 4289 310 4338 P
382 4291 434 4342 ’51
451 4289 573 4352 uegstsnt
590 4287 709 4351 suigaut
726 4303 789 4337 sorr.
809 4289 877 4338 Pas.
898 4299 944 4336 ssa.
1017 4281 1126 4344 sacrant
1147 4286 1315 4350 quitassent

210 4385 318 4436 namque

1063 4434 1109 4500 1*
