3132 4968
589 432 812 476 amonamcon
832 433 920 474 men
933 435 954 475 1.

304 589 408 662 litora3
431 586 490 646 iam
512 584 602 666 pinne
622 584 727 664 gracili
748 584 916 648 dissolvere
939 584 1041 646 laona

304 689 510 772 Thespiaden,
530 686 674 772 iungique
690 686 786 764 letne,
804 687 945 768 lentoque
965 705 1109 768 sequaces

304 793 413 855 molliri
429 791 514 853 videt
533 791 605 870 igne
628 790 746 866 trabes,
768 788 918 868 remisque
937 790 1052 870 peratis
1262 793 1322 852 125

302 896 427 959 Pallada
446 895 570 957 velifero
592 894 788 974 quaerentem
807 891 946 954 bracchia
964 891 1051 952 malo.
1137 941 1139 946 .

302 1000 437 1061 constitit
459 1000 509 1074 ut,
530 999 622 1078 longo
644 996 739 1057 moles
761 1015 822 1058 non
842 995 948 1078 perric
969 997 1070 1076 ponto,

239 1157 243 1165 .
303 1101 431 1184 puppis,
452 1103 484 1161 et
503 1101 538 1160 ut
559 1100 668 1160 tennes
689 1099 808 1160 subiere
828 1097 955 1160 latentia
974 1116 1062 1160 cerae

301 1204 429 1278 lumina,
448 1202 583 1283 picturae
604 1202 706 1264 varios
728 1199 904 1283 superaddit
926 1201 1062 1262 honores.

286 1308 350 1368 'hic
369 1308 540 1388 insperatos
562 1305 713 1388 Tyrrheni
734 1307 856 1385 tergore
876 1302 967 1384 piscis
1258 1311 1321 1369 130

300 1410 409 1471 Peleos
431 1409 462 1472 in
485 1408 632 1471 thalamos
652 1406 773 1468 vehitur
795 1403 914 1480 unedo
935 1425 1068 1488 aequore
1090 1408 1211 1489 delphin

301 1512 438 1593 corripit;
464 1511 518 1574 illa
538 1512 626 1573 cedet
647 1511 763 1572 deiecta
783 1508 815 1571 in
835 1511 949 1574 lumine
969 1513 1059 1594 palla,

301 1635 358 1676 nec
378 1615 452 1677 Iove
474 1613 617 1676 maiorem
639 1613 723 1676 nasci
743 1614 877 1696 suspiret
897 1613 1042 1676 Achillen.

299 1720 376 1781 hanc
397 1718 518 1798 Panope
540 1717 678 1800 Dotoque
702 1737 786 1779 eoror
806 1718 977 1798 lautaque
999 1719 1092 1780 fluctu

299 1820 490 1903 prosequitur
511 1819 600 1881 nudie
622 1819 737 1900 pariter
755 1816 884 1882 Galatea
902 1819 1032 1896 lacertis,
1220 1869 1227 1886 ,.
1255 1827 1315 1885 135

300 1926 387 1986 antra
406 1926 529 2005 petene;
551 1921 650 1985 Siculo
659 1924 794 1984 *revocet
813 1924 852 1984 de
874 1922 962 1984 litore
984 1921 1122 2004 Cyclope.

201 2097 206 2106 ι
299 2030 402 2090 contre
420 2027 500 2106 ignis
521 2026 669 2106 virifflque
690 2029 777 2087 torus
796 2026 834 2086 de
854 2027 960 2088 fronde
981 2029 1133 2108 dapesque

298 2132 428 2212 vinaque
448 2131 481 2190 et
500 2145 666 2208 aequoreos
687 2128 766 2190 inter
788 2146 857 2189 eum
874 2129 1001 2210 coniuge
1021 2129 1108 2191 divos

298 2233 447 2295 Aeacides
454 2279 462 2308 ,
484 2233 643 2312 pulsetque
665 2231 774 2312 chelyn
796 2233 867 2310 post
886 2234 993 2311 pocula
1012 2232 1130 2295 Chiron.

297 2338 383 2416 perte
402 2334 466 2395 alia
485 2331 597 2394 Pholoe
618 2335 770 2414 multoque
791 2331 915 2394 insanus
935 2334 1043 2396 Iaccho
1254 2341 1316 2398 140

297 2435 434 2500 Rhoetus
456 2438 488 2498 et
506 2435 630 2497 Atracia
650 2434 767 2496 subitae
788 2435 827 2496 de
848 2436 972 2517 virgine
989 2458 1119 2521 pugnae.

315 2695 362 2743 123
381 2692 487 2743 Lictora
504 2693 548 2752 M,
570 2689 713 2742 LittoreP
799 2697 848 2744 124
866 2691 1034 2760 Thespiaden
1053 2695 1108 2744 MP
1166 2693 1317 2758 iungiquet

209 2827 282 2878 iiim
298 2845 368 2878 moa
386 2837 519 2879 correctam
535 2836 572 2876 eet
585 2831 613 2876 in
630 2831 668 2879 P:
685 2788 801 2894 idgitque
818 2831 849 2889 V,
866 2829 999 2896 iungitque
1016 2831 1050 2880 tls
1116 2837 1164 2882 120
1181 2791 1273 2883 brutio
1284 2836 1313 2894 V,

206 2913 313 2964 brechia
329 2918 385 2967 ΠΡ
452 2917 500 2964 127
520 2913 597 2978 leuge
615 2913 674 2964 Aa.
749 2921 797 2966 128
814 2923 858 2965 aut
877 2924 937 2978 poet
961 2917 1057 2982 pupplo
1079 2919 1246 2979 intnpuaetio
1268 2921 1314 2968 tol·

207 2999 279 3050 lenda
296 3009 338 3050 act
356 3003 498 3064 emppaque
515 3001 544 3046 ut
561 3003 587 3048 et
605 3001 757 3049 eatbam
773 3002 898 3052 videbatur
916 3001 1022 3050 Heinsio
1079 3015 1152 3053 ceree
1170 3007 1206 3054 P:
1226 3019 1314 3056 coerce

169 3175 172 3182 .
212 3138 237 3189 V
305 3142 354 3188 130
375 3137 518 3200 insperatos
537 3137 674 3188 Gronovius
690 3142 779 3190 observ.
799 3138 836 3190 IV
857 3144 902 3189 13:
919 3142 1018 3205 spectes
1026 3089 1112 3130 mm
1141 3141 1311 3208 711111111-

205 3220 259 3270 nim
276 3225 331 3272 add.
351 3239 381 3272 m.
403 3239 465 3284 eea,
480 3225 564 3285 prim
580 3226 687 3286 quinque
699 3222 758 3285 sere
774 3228 901 3274 literarum
921 3228 1025 3286 matium
1037 3226 1194 3292 reliquerat),
1211 3232 1312 3292 sperata

205 3308 250 3366 M,
272 3307 403 3380 insperato
420 3312 445 3360 P
471 3311 506 3371 (et
524 3308 552 3358 in
569 3311 677 3358 additum
702 3318 725 3358 ct
749 3326 764 3360 ο
789 3325 819 3358 ex
843 3325 858 3358 a
885 3318 1018 3359 correctum
1041 3327 1104 3360 am.
1129 3311 1198 3371 aec),
1225 3311 1310 3377 inspe-

204 3395 261 3441 rato
279 3395 312 3454 0,
337 3399 439 3458 spereta
458 3393 588 3462 eedenetp
660 3399 709 3444 130
727 3393 841 3460 tyrrheni
860 3397 921 3444 Pm:
941 3394 1036 3460 tyrreni
1050 3397 1079 3455 V,
1096 3395 1213 3462 thyrreni
1229 3395 1264 3446 Μ

206 3479 254 3526 132
274 3475 388 3544 Corripit
405 3477 452 3529 illa
470 3477 540 3529 cedet
558 3481 579 3528 0
596 3481 635 3543 (ut
653 3479 779 3540 ciatrem:
796 3477 910 3542 Corripit
927 3481 997 3531 cedet
1017 3483 1043 3532 V
1058 3479 1200 3547 (Corripuit
1216 3480 1310 3532 residet
1365 3462 1374 3483 ⁸

205 3576 267 3612 em.
288 3577 318 3612 m.
339 3564 412 3626 eea),
437 3561 551 3629 Corripit
569 3563 614 3614 sed
630 3565 675 3624 M,
702 3563 834 3630 Corripuit
851 3564 894 3615 ced
911 3569 936 3616 et
955 3569 990 3627 P,
1013 3567 1155 3632 Corripuit,
1172 3565 1231 3618 silet
1247 3567 1309 3617 haec

205 3706 243 3763 ψ,
276 3698 379 3764 Carpit,
403 3700 492 3752 atille
513 3701 720 3752 eedetHeiaciue
805 3649 866 3767 peda
887 3707 913 3756 V
995 3711 1044 3758 133
1063 3707 1180 3758 Achillen
1201 3709 1308 3769 tempti:

203 3781 294 3832 achille
313 3787 343 3846 V,
361 3786 479 3837 achillem
497 3790 613 3839 MPVm.
634 3805 679 3840 aec.
743 3794 792 3838 131
810 3789 926 3854 clotoque
939 3794 963 3842 P
1014 3791 1155 3858 luctataque
1172 3795 1211 3854 11,
1227 3793 1307 3843 iacta·

202 3867 276 3930 taque
297 3878 320 3936 ψ
399 3875 447 3924 135
465 3873 545 3924 niveis
566 3875 769 3924 Henatcrhuciuo
784 3877 818 3924 ad
832 3875 939 3924 luciani
956 3877 1013 3926 dul.
1037 3895 1096 3928 mar.
1116 3875 1165 3927 Ie
1235 3877 1306 3942 gela·

201 3949 262 4000 theu
278 3955 304 4004 P
390 3961 438 4008 133
464 3967 523 4022 poet
546 3963 637 4024 petens
662 3961 858 4024 distinguendma
883 3976 935 4010 cecc
958 3965 1020 4012 cidit
1047 3964 1182 4022 Heinsius,
1208 3966 1306 4028 aepacit

201 4035 404 4090 Hcaeterhuutca
474 4050 522 4094 137
547 4045 620 4109 ignee
640 4048 664 4096 Ρ
729 4043 869 4111 unusque
892 4047 943 4098 Vm.
966 4063 1011 4098 aec.
1081 4045 1243 4099 1110111111>

203 4125 369 4228 1331111111
391 4183 417 4231 V
480 4129 547 4234 chelin
570 4185 600 4243 V,
620 4182 703 4232 chelin
719 4185 764 4243 11,
789 4183 881 4234 chelim
901 4189 926 4238 P
991 4191 1041 4242 140
1058 4184 1153 4234 Pholoe
1172 4189 1210 4234 eet
1225 4184 1306 4236 Ποίη-

201 4263 254 4308 ao'ue
321 4262 423 4316 tramis
441 4269 466 4316 P
533 4273 580 4318 111
601 4266 713 4320 Rhoetus
732 4269 801 4320 111³:
819 4270 931 4326 Rhoetea
954 4273 984 4332 V,
1010 4271 1144 4322 BhetneO
1211 4271 1307 4322 atracia

199 4361 239 4395 m:
257 4347 327 4398 rocio
349 4352 378 4411 V,
397 4350 538 4413 tracians,
556 4353 654 4404 trachia
672 4355 707 4412 Ρ,
727 4355 839 4404 extracto
857 4356 878 4403 0
