3098 4970
172 467 176 482 ,
262 431 318 470 LXX
706 429 935 472 raomoomencr

265 599 338 675 222,
363 601 433 659 212.
463 597 498 658 11
522 603 571 676 22,
596 602 647 678 42,
668 602 718 675 ar,
744 601 794 674 22,
819 601 870 674 81,
894 584 1373 676 94,114261212212;’22122-

264 699 396 780 petenda
425 702 473 761 221
498 720 515 761 2
542 701 738 780 neglegentia
764 705 795 763 et
814 701 896 763 illius
922 700 973 782 qui
995 697 1226 778 Sangallensem
1249 702 1373 764 ellati-

265 821 339 864 2222
363 803 509 884 excripsit
527 805 559 864 et
582 823 701 883 eorum,
724 806 774 887 qni
796 824 813 866 2
837 803 1027 884 Sangallensi
1045 801 1209 866 Vaticanos
1234 808 1318 868 1613
1342 808 1374 868 21

267 908 351 967 1614
374 909 405 967 21
426 905 658 968 Ottobonianum
678 907 890 989 propagarunt
931 926 1028 987 neque
1050 906 1116 968 veri
1142 905 1373 976 ridetur'dissi·

265 1009 351 1087 mile,
379 1008 536 1072 oscitantia
555 1009 670 1070 librarii
693 1011 804 1072 lactum
827 1029 910 1086 2222,
929 1005 963 1072 21
983 1027 1092 1071 versus
1113 1009 1164 1090 qui
1187 1009 1371 1072 22211819

266 1112 532 1177 -822111251
559 1115 591 1174 21
614 1117 675 1176 717
698 1115 730 1175 12
749 1113 896 1176 Vaticano
920 1117 1004 1174 1613
1026 1111 1128 1174 omissi
1151 1113 1220 1176 2121.

368 1426 458 1489 Anno
488 1429 571 1490 1565
600 1425 789 1507 Antverpiae
822 1423 903 1506 apud
931 1422 1177 1506 Christophorum
1200 1424 1372 1494 Plautinum

262 1529 492 1592 Ludouicus
516 1529 656 1594 Carrio
679 1529 835 1594 Valerium
851 1527 950 1588 ‘edidit
970 1529 1121 1591 sexcentis
1140 1531 1175 1590 21
1196 1528 1289 1590 aibat
1310 1547 1371 1590 am-

264 1631 343 1713 plius
363 1633 436 1695 12212
458 1635 639 1715 castigatum
660 1634 840 1715 scholiisque
861 1633 1049 1710 instructum,
1072 1632 1180 1711 quibus
1202 1635 1234 1692 21
1248 1633 1285 1694 de
1297 1632 1371 1694 12212

265 1735 433 1797 difficilibus
467 1739 652 1818 explicandis
692 1738 763 1820 quid
802 1736 928 1796 sentiret
964 1736 1106 1815 exposuit
1137 1738 1169 1796 21
1205 1735 1371 1816 scripturae

264 1837 443 1900 2221212122
468 1843 639 1920 congessit,
663 1843 837 1923 excerptam
863 1839 946 1900 illam
974 1839 1037 1898 tam
1067 1855 1108 1898 ex
1135 1841 1267 1919 vulgatis
1287 1841 1370 1904 libris

265 1961 355 2020 quem
376 1963 392 2003 e
415 1944 516 2005 codice
537 1965 628 2006 manu
655 1945 779 2027 scripto,
810 1963 899 2024 quem
928 1943 1000 2002 2212
1021 1942 1181 2003 sexcentos
1201 1962 1296 2006 annos
1317 1964 1369 2005 ex·

264 2049 381 2108 aratum
403 2065 471 2108 esse
496 2047 685 2127 gravissimis
712 2050 875 2110 multorum
896 2043 1013 2108 iudiciis
1036 2043 1270 2108 confirmaretur.
1302 2066 1371 2110 cum

265 2152 416 2211 autemst
435 2152 527 2212 nimia
546 2151 733 2213 librariorum
750 2149 944 2212 festinatione
967 2148 998 2207 et
1020 2147 1085 2208 eius
1107 2148 1155 2208 221
1174 2149 1371 2215 describenda

221 2273 226 2284 ¹
263 2251 389 2314 dederat
410 2254 604 2334 neglegentia
629 2253 740 2322 factum
769 2259 869 2327 esset,
898 2253 933 2312 nt
959 2271 1014 2333 pro
1042 2252 1197 2314 veteribus
1218 2255 1370 2318 erroribus

264 2356 390 2418 sublatis
410 2359 481 2419 novi
503 2359 728 2418 succrescerent
749 2357 781 2416 eb
800 2357 921 2416 veteres
943 2375 1004 2417 non
1027 2355 1144 2417 omnino
1165 2373 1267 2416 omnes
1285 2355 1369 2420 tolle-

261 2461 375 2536 rentur,
399 2479 476 2521 anno
499 2464 582 2522 1566
604 2461 714 2521 ibidem
734 2460 860 2520 alteram
883 2459 1044 2520 editionem
1065 2457 1177 2539 publici
1193 2457 1268 2520 iuris
1289 2460 1369 2537 12211,

264 2576 323 2639 222
345 2563 446 2624 codice
468 2562 518 2622 illo
541 2563 651 2623 iterum
672 2561 834 2640 diligenter
853 2561 970 2622 2221212
992 2561 1138 2624 in'verbis
1153 2563 1262 2640 poetae
1274 2563 1370 2624 multa
1398 2573 1399 2576 ’

151 2717 153 2722 a
262 2667 374 2726 novata
396 2669 468 2726 sunt
490 2667 522 2726 et
542 2663 756 2743 castigationes
780 2663 909 2725 additae.
946 2661 1050 2726 Carrio
1072 2664 1138 2745 ipse
1162 2663 1200 2724 ad
1213 2664 1369 2726 Valerium

262 2767 480 2828 emendandum
509 2769 541 2829 21
561 2768 759 2830 enarrandum
788 2767 859 2847 quid
887 2767 1046 2848 protulerit
1066 2788 1126 2829 non
1147 2787 1233 2843 cnro;
1260 2788 1368 2830 severe

148 2912 152 2919 ,
262 2869 381 2947 quidem
411 2871 464 2931 sed
492 2889 565 2932 vere
592 2871 630 2931 de
657 2890 692 2932 eo
720 2891 739 2933 a
767 2869 901 2952 Caspare
923 2870 1062 2946 Barthi0‚
1089 2873 1164 2932 Iano
1186 2867 1366 2949 Guilielmio,

260 2969 467 3035 Brouckbusio
488 2974 651 3036 iudicatum
674 2978 722 3036 221
746 2974 792 3052 (21.
814 2974 980 3036 Burmanni
1003 2973 1094 3055 praef.
1115 2994 1143 3054 p.
1167 2976 1207 3036 25
1232 2977 1296 3056 22).
1332 2980 1366 3038 21

261 3075 370 3137 codicis
393 3077 477 3138 illius
496 3099 554 3159 quo
574 3097 663 3140 usum
684 3099 717 3140 se
745 3095 814 3138 esse
844 3079 998 3158 protessus
1021 3079 1069 3137 221
1091 3094 1167 3156 2222
1188 3077 1280 3139 sitin
1302 3078 1364 3140 Va-

260 3177 334 3240 lerio
362 3181 547 3242 emendando
577 3181 739 3243 auotoritas
762 3181 898 3260 quaestio
921 3180 1024 3241 existit
1046 3179 1234 3258 gravissima.
1273 3183 1364 3261 atque

259 3282 290 3342 in
312 3283 534 3346 diversissimas
556 3288 659 3365 partes
680 3285 818 3346 abierunt
832 3285 985 3346 doctorum
998 3282 1152 3343 hominum
1165 3283 1203 3342 de
1217 3283 1273 3342 boo
1286 3283 1363 3344 libro

260 3386 377 3447 iudicia.
416 3407 486 3448 nam
508 3407 576 3449 oum
590 3387 731 3449 Nicolaus
747 3387 891 3448 Heinsius
914 3385 945 3445 in
965 3385 1097 3466 1122222
1120 3405 1193 3447 suae
1207 3383 1363 3448 Valeriani

261 3486 399 3550 carminis
429 3490 551 3552 editioni
578 3491 732 3571 praefatus
761 3492 810 3551 est
837 3487 1033 3550 veterrimum
1059 3507 1127 3549 eum
1155 3488 1267 3548 dixerit
1289 3490 1364 3571 opti-

260 3609 415 3675 mumque,
441 3594 527 3654 ouius
555 3593 704 3674 praesidio
732 3593 822 3654 naevi
848 3591 968 3672 plurimi
996 3595 1028 3652 21
1056 3593 1175 3673 quidem
1202 3591 1365 3654 inveterati

260 3699 367 3776 poetae
389 3697 500 3757 detersi
521 3699 632 3768 222221,
652 3701 741 3776 21222
763 3695 1022 3776 Eyssenhardtius
1045 3697 1064 3756 l.
1077 3697 1095 3756 l.
1114 3714 1143 3774 p.
1165 3695 1226 3756 378
1250 3697 1363 3756 21384

261 3817 296 3858 22
320 3798 345 3858 21
373 3803 547 3878 superesset
576 3803 639 3863 solo
664 3799 819 3862 Valerium
848 3798 1065 3860 recensendum
1093 3797 1363 3874 122212612222211,

260 3899 376 3982 Caspar
389 3900 531 3963 Barthius
554 3903 671 3965 advers.
686 3925 714 3984 p.
733 3905 795 3964 764
819 3899 993 3962 carrionem
1014 3919 1082 3962 oum
1102 3899 1202 3962 codice
1224 3917 1279 3960 suo
1299 3899 1362 3959 ubi-

261 4025 318 4086 que
346 4005 402 4066 sibi
429 4025 489 4067 222
519 4026 625 4087 parum
654 4009 828 4088 suspectum
856 4023 925 4066 esse
952 4003 1029 4064 dixit
1057 4006 1088 4064 et
1111 3987 1302 4064 Weichertus
1324 4001 1364 4062 ad

257 4109 338 4171 VIII
362 4115 402 4173 14
427 4114 459 4172 21
483 4115 522 4173 16
544 4111 652 4172 librum
675 4107 825 4170 Carrionis
846 4127 906 4169 non
928 4105 1031 4184 magni
1051 4105 1221 4168 laciendum
1244 4107 1276 4166 et
1293 4123 1362 4186 pes·

259 4213 325 4276 simi
354 4216 509 4277 commatis
538 4233 607 4274 esse
643 4212 750 4274 docuit.
791 4211 928 4293 equidem
956 4207 1130 4272 carrionem
1159 4227 1227 4270 cum
1254 4209 1363 4273 librum

259 4338 346 4380 suum
370 4318 490 4394 saeculo
515 4319 630 4379 decimo
654 4315 889 4396 scriptum-esse
912 4312 1026 4374 diceret
1046 4315 1108 4374 ‘aut
1130 4313 1231 4393 ipsum
1253 4312 1362 4374 falsum
