3072 4974
475 969 480 993 ⁴
532 1123 535 1132 ,
578 1029 1107 1185 ermemirum·

422 1193 1202 1311 'ARGONAV'PIGON

607 1395 764 1462 LIBER
790 1395 1048 1460 SEPTIMVS.

729 1589 892 1596 -------—
903 1590 934 1596 .-

364 1687 422 1800 Te
446 1756 563 1820 quoque
583 1719 840 1799 Thessalioo'iem
862 1755 948 1798 serus
970 1737 1008 1798 ab
1029 1736 1149 1820 hospite
1168 1759 1280 1822 vesper

362 1842 472 1905 dividit
492 1843 523 1902 et
543 1841 604 1902 iam
624 1843 656 1902 te
678 1843 731 1902 tuo
750 1839 876 1919 gaudia,
898 1840 1001 1920 virgo,
1024 1842 1205 1922 relinquunt,

361 1964 481 2027 noxque
504 1945 567 2005 ruit
585 1944 641 2006 soli
661 1943 787 2004 veniens
810 1961 870 2003 nou
891 1944 972 2005 mitis
994 1946 1114 2007 amanti.

363 2069 437 2130 ergo
458 2048 509 2109 ubi
530 2046 679 2109 cunctatis
698 2048 834 2114 extremo
857 2045 888 2107 in
906 2047 1006 2108 limine
1029 2046 1141 2128 plantis

271 2169 274 2176 '
302 2227 304 2230 Ι
361 2151 488 2230 oontigit
507 2168 602 2228 aegre
622 2152 704 2211 toros
726 2150 758 2209 et
778 2167 864 2209 mens
886 2149 1009 2211 inoensa
1030 2149 1172 2224 tenebris,
1220 2225 1222 2230 Ι
1327 2179 1330 2184 ’
1360 2151 1380 2210 5

361 2257 483 2317 vertere
506 2255 578 2314 tuno
599 2252 700 2314 varios
721 2272 777 2333 per
799 2252 891 2331 longa
912 2253 1060 2314 insomnia
1085 2256 1209 2335 questus

363 2375 420 2417 neo
440 2359 546 2437 pereat
568 2376 625 2437 quo
649 2355 725 2416 seire
747 2355 842 2430 malo;
864 2356 1045 2438 tandemque
1067 2356 1155 2417 fateri

361 2479 438 2522 ause
456 2459 528 2538 sibi,
549 2459 692 2540 pavidum
713 2458 812 2519 medio
834 2457 877 2520 sio
896 2459 960 2520 fata
981 2458 1082 2520 dolore
1105 2461 1168 2526 est:

358 2557 450 2625 ‘nuno
472 2582 530 2642 ego
552 2581 611 2643 quo
632 2579 706 2622 oasu
727 2560 778 2622 vel
800 2582 858 2643 quo
882 2561 925 2623 sio
947 2564 1078 2645 pervigil
1095 2578 1192 2642 usque

361 2668 429 2748 ipsa
450 2666 556 2726 volens
577 2682 679 2725 errore
701 2664 821 2724 trahor?
843 2683 903 2725 non
922 2668 997 2728 haee
1017 2667 1090 2728 mihi
1110 2668 1193 2727 oerte
1339 2669 1382 2726 10

363 2789 425 2831 nox
447 2771 513 2830 erat
534 2771 604 2829 ante
626 2769 712 2842 tuos,
732 2767 850 2828 iuvenis
871 2767 1050 2848 fortissime,
1070 2769 1182 2830 vultus.

363 2891 438 2954 quos
460 2890 517 2951 ego
539 2890 593 2932 our
612 2870 723 2932 iterum
743 2870 866 2931 demens
887 2870 1054 2953 iterumque
1074 2871 1215 2933 recordor

361 2979 424 3040 tum
444 2993 555 3055 magno
576 2974 706 3036 discreta
725 2973 819 3035 mari?
840 2973 913 3053 quid
932 2974 964 3034 in
982 2975 1100 3056 hospite
1123 2975 1185 3036 solo

361 3099 447 3142 mens
467 3078 559 3138 mihi?
577 3076 698 3156 oognati
720 3076 821 3158 potius
842 3076 902 3137 iam
919 3079 1033 3138 vellera
1054 3076 1158 3139 Phrixi

362 3181 503 3264 occipiat,
525 3199 602 3262 quae
624 3179 689 3240 solu
709 3179 787 3260 petit
810 3197 945 3261 quaeque
968 3199 1029 3241 una
1048 3180 1184 3242 laborum
1338 3185 1379 3244 15

359 3305 452 3350 eausa
472 3285 546 3347 viro.
570 3302 639 3345 nam
660 3283 778 3363 quando
800 3283 905 3345 domos
927 3283 982 3344 has
1001 3283 1052 3345 ille
1073 3283 1206 3347 reviset?

378 3579 394 3624 2
416 3574 492 3624 etism
508 3576 533 3622 te
552 3575 596 3633 M,
616 3575 642 3622 et
658 3575 682 3620 te
702 3571 753 3620 iam
770 3574 863 3632 Bono,
882 3577 908 3623 et
926 3577 970 3622 tuo
986 3573 1038 3622 iam
1054 3573 1079 3622 te
1097 3573 1156 3622 Ata.
1222 3578 1238 3623 4
1256 3575 1380 3624 contentis

276 3671 300 3729 ψ
372 3665 510 3709 toooensa
527 3660 589 3708 Bon.
664 3657 783 3708 suarios
800 3672 842 3707 m:
865 3658 938 3707 usrio
961 3659 986 3708 V
1050 3659 1171 3706 Heinsius
1190 3659 1255 3708 nuno
1281 3675 1380 3710 nereum

273 3749 351 3796 variis
373 3745 476 3794 tentavit
502 3744 662 3802 coniecturis,
687 3756 747 3802 qnae
765 3749 822 3790 sunt
842 3725 946 3790 Vertere'
962 3745 1023 3792 tuno
1041 3741 1111 3792 vario
1133 3769 1166 3779 -
1185 3748 1288 3809 questu,
1314 3746 1379 3798 Vol·

274 3847 332 3882 vere
355 3829 415 3880 tuno
439 3827 522 3879 'varios
543 3854 576 3864 —
598 3829 715 3891 questus,
739 3826 846 3877 Vertere
870 3842 916 3890 per
940 3827 1025 3878 varios
1054 3832 1114 3878 tuno
1145 3828 1223 3892 longa
1252 3829 1380 3880 insomnis

274 3919 390 3982 queunte,
413 3912 517 3964 Vertere
542 3929 568 3962 se
593 3912 621 3962 in
647 3913 730 3963 serios
748 3941 782 3950 -
800 3916 910 3978 questus.
945 3914 1104 3962 Burmannus
1126 3929 1176 3974 pro
1202 3919 1300 3966 vertere
1314 3932 1378 3978 pro·

268 4005 354 4064 poenit
370 4000 479 4050 Perdere
551 4005 564 4050 7
584 4001 684 4063 poterat
705 4009 728 4065 ψ
790 3998 865 4048 modo
884 4001 985 4048 codicem
1004 4015 1073 4048 ouum
1090 4001 1175 4049 natm
1191 4001 1296 4050 ean-ion
1313 4003 1379 4052 sint

271 4091 299 4137 s'n
315 4088 428 4148 cnidiis,
446 4085 513 4136 malo
531 4088 558 4134 in
576 4085 773 4151 nominationibus
842 4089 857 4134 8
876 4084 994 4148 pavidum
1012 4087 1134 4134 Heinsius
1152 4087 1205 4134 coll.
1228 4089 1297 4136 Onia.
1319 4097 1376 4138 met.

270 4171 311 4222 1x
335 4177 400 4224 569:
425 4171 529 4235 paulum
554 4175 630 4238 Vror,
655 4173 720 4234 qnod
743 4173 900 4218 Bunnannus
923 4187 945 4220 n.
974 4175 1025 4220 384
1050 4178 1187 4232 conparato
1214 4186 1264 4218 non
1289 4167 1378 4231 defen-

272 4263 309 4310 dit
382 4264 411 4308 11
432 4263 489 4309 tuos
507 4275 541 4307 m:
559 4272 606 4308 uos
628 4260 654 4309 V
739 4260 769 4306 13
786 4268 879 4318 magno
899 4270 935 4306 m:
959 4269 1051 4319 magno
1073 4257 1098 4307 V
1167 4261 1199 4307 14
1215 4255 1275 4306 fiiri
1298 4258 1324 4308 V

272 4351 304 4398 15
323 4359 371 4408 que
394 4345 419 4396 V
487 4349 516 4394 16
537 4343 634 4393 reuiset
652 4357 692 4392 m:
708 4339 798 4392 reuisit
820 4343 843 4392 V
