3086 4968
637 431 726 474 CAPUT
748 435 782 476 11.
1172 433 1270 476 mxv

153 601 496 680 breviter'complectar
523 599 593 680 quid
607 600 661 659 'do
690 598 841 662 Carrionia
867 601 943 664 libro
971 601 1165 664 statuendum
1191 619 1264 664 esse

153 707 267 783 ducam,
293 703 414 766 saeculo
435 702 551 763 decimo
573 701 676 780 quinto
690 703 721 764 in
733 705 914 767 membranis
927 727 997 768 eum
1011 706 1157 786 scripturn
1171 703 1264 768 luisse

153 809 280 885 cordaio,
308 809 438 868 fortasse
459 825 478 867 a
497 805 635 881 librario,
669 804 720 884 031
747 807 861 868 saeculi
887 808 993 869 decimi
1014 808 1181 887 scripturae
1199 808 1263 869 imi·

152 911 261 976 133130
285 929 408 993 operam
433 902 571 985 dabat')
597 907 765 987 permultae
793 910 949 972 doctorum
973 914 1015 971 et·
1032 911 1263 974 semidoctorum

151 1017 303 1080 hominum
325 1014 520 1075 coniecturae
542 1014 595 1073 ant
617 1011 648 1070 in
677 1011 759 1092 ipsos
782 1015 889 1092 poetae
910 1033 1018 1076 versus
1038 1017 1177 1094 receptae
1198 1015 1261 1086 11100

151 1123 222 1182 runt
243 1121 300 1180 aut
322 1133 416 1197 supra
438 1133 546 1175 versus
567 1115 599 1174 et
620 1114 651 1174 in
672 1114 858 1194 mergimbus
880 1118 1057 1198 adscriptae.

255 1219 418 1301 Superest,
445 1221 481 1278 ut
508 1217 547 1278 da
576 1217 676 1278 codice
704 1216 888 1282 Parisino
916 1221 1201 1303 7647100330031
1228 1223 1260 1282 iu
1308 1262 1311 1272 .

148 1324 331 1387 membranis
353 1322 466 1382 formae
488 1321 652 1401 quadratae
673 1321 793 1384 saeculo
812 1323 926 1385 decimo
946 1326 1035 1386 tertio
1055 1326 1185 1405 scriptus
1203 1327 1259 1385 est

148 1429 283 1490 continet
308 1427 388 1487 inter
416 1425 475 1486 alia
496 1443 605 1484 versus
632 1444 693 1485 non
721 1427 820 1487 nullos
847 1447 887 1488 ex
909 1427 1123 1507 Argonauticis
1144 1427 1259 1489 Valerii

148 1532 353 1611 1003000101οο
390 1527 505 1608 aliquot
532 1527 606 1589 locis
635 1530 758 1608 gravior
780 1535 829 1592 est
855 1531 934 1592 inter
954 1533 1118 1614 scripturas
1137 1533 1203 1593 eius
1227 1533 1259 1594 et

148 1636 329 1697 Vaticanum
348 1631 565 1712 discrepantia,
591 1651 667 1711 0330
689 1637 742 1694 331
763 1633 832 1694 1310
853 1635 1034 1714 repetenda,
1055 1637 1135 1716 qnod
1156 1636 1184 1695 is
1207 1635 1257 1716 qui

147 1739 292 1818 excerpta
317 1737 369 1798 illa
397 1736 519 1816 scripsit
547 1735 713 1797 sententias
745 1736 881 1816 integras
908 1738 981 1800 dare
1008 1740 1144 1814 volebat,
1177 1759 1256 1820 quae

146 1843 237 1904 etiam
254 1859 312 1921 par
331 1859 366 1900 se
387 1839 638 1917 intellegerentur
659 1841 706 1919 (ct
721 1841 755 1901 H
769 1845 842 1916 117,
856 1843 929 1915 263,
943 1839 1007 1903 VII
1021 1844 1094 1917 416,
1108 1839 1156 1904 VI
1171 1845 1255 1918 513),

146 1944 301 2025 3310301
322 1944 474 2022 glossema
495 1943 527 2014 in
549 1945 728 2006 alterutrum
751 1945 883 2006 codicem
900 1946 1055 2024 receptum
1074 1949 1122 2004 est
1138 1943 1166 2021 (I
1183 1949 1255 2021 331,

145 2049 176 2110 V
198 2049 283 2125 540).
316 2045 366 2108 III
390 2049 451 2108 365
473 2048 550 2108 virro
572 2065 666 2128 30030
689 2049 800 2109 bonum
821 2067 857 2108 ac
874 2046 1015 2108 Vaticani
1036 2050 1153 2109 animis.
1190 2047 1254 2109 VH

145 2157 209 2214 437
236 2151 330 2211 verba
356 2169 433 2230 quae
462 2153 533 2210 sunt
559 2169 611 2211 nec
632 2153 738 2232 premo
759 2150 863 2232 pudor
889 2149 941 2212 dut
967 2151 1055 2213 verbo
1082 2153 1199 2212 11000011
1224 2152 1255 2211 13

144 2255 282 2316 Parisino
303 2253 366 2332 legi
385 2252 471 2314 omisi
491 2253 523 2312 in
544 2253 743 2315 adnotatione.

256 2355 314 2416 His
336 2375 410 2436 quos
432 2356 605 2418 enumeravi
627 2362 659 2416 et
680 2354 826 2435 descripsi
848 2353 933 2414 libris
951 2356 1177 2436 manuscriptis
1195 2378 1255 2436 qua

146 2460 264 2520 ratione
284 2459 357 2520 mihi
380 2460 526 2521 utendum
547 2462 630 2520 esset
650 2478 709 2519 nou
731 2459 829 2539 potuit
845 2457 968 2519 dubium
989 2477 1065 2521 esse.
1103 2480 1173 2523 nam
1186 2481 1254 2525 cum

145 2562 313 2624 Vaticanus
336 2565 420 2624 3277
444 2565 476 2623 et
495 2561 703 2641 sangallensis
733 2562 822 2622 unius
852 2561 961 2623 codicis
989 2562 1054 2624 loco
1076 2565 1180 2628 haberi
1202 2568 1253 2629 de-

144 2666 237 2728 beant
259 2669 291 2727 01
310 2667 409 2726 codex
425 2665 576 2728 Carrionis
598 2665 735 2745 quamvis
755 2667 865 2727 multas
887 2667 1086 2728 correctiones
1107 2672 1253 2749 expertus

146 2769 186 2829 sit
204 2773 306 2830 tamen
327 2789 345 2829 e
365 2769 512 2831 Vaticano
534 2769 584 2830 illo
607 2769 776 2848 descriptus
804 2769 859 2844 sit,
885 2769 913 2829 10
937 2769 1020 2831 00130
1045 2771 1253 2833 auctoritatem

145 2873 245 2933 habet.
282 2872 375 2932 ceteri
403 2872 520 2932 codices
543 2872 638 2933 sicubi
658 2872 767 2931 bonam
794 2873 974 2953 scripturam
1002 2875 1149 2954 praebent
1175 2893 1252 2952 0330

145 2979 275 3036 nonest
300 2975 331 3036 13
357 2977 393 3052 V,
416 2995 461 3037 ea
489 2997 549 3036 non
576 2974 672 3056 pluris
700 2974 888 3036 aestimanda
914 2981 963 3037 001
983 2995 1073 3055 quam
1094 2976 1254 3038 cuiuslibet

146 3080 225 3140 docti
250 3079 379 3140 hominis
407 3078 583 3139 emendatio.
620 3079 700 3158 quod
725 3097 793 3138 cum
823 3079 866 3139 ita
892 3083 977 3140 esset
997 3080 1111 3142 Valerii
1133 3098 1253 3140 carmen

147 3181 185 3242 ad
204 3181 385 3244 Vaticanum
405 3181 542 3242 recensui
564 3183 688 3261 eiusque
712 3181 876 3261 scripturas
901 3177 1046 3259 qua'ntum
1065 3181 1130 3242 lieri
1153 3183 1252 3261 potuit

146 3285 274 3346 intactas
295 3285 417 3366 reliqui,
445 3285 476 3352 in
499 3279 691 3346 emendandis
720 3287 821 3345 autem
847 3284 920 3344 locis
947 3285 1095 3364 corruptis
1118 3284 1251 3364 vestigia

249 3558 275 3624 *)
300 3559 350 3609 nisi
374 3559 495 3610 memoria
518 3575 556 3608 me
581 3559 647 3608 101111
668 3557 801 3608 Censorini
824 3557 903 3606 codex
925 3557 1152 3622 Darrnstadiensis,
1176 3574 1249 3626 quam

146 3648 206 3696 Otto
225 3645 329 3695 Iahnius
358 3643 452 3694 saeculi
477 3643 578 3710 septimi
602 3660 655 3694 0000
677 3643 776 3708 100311,
799 3658 815 3691 3
837 3641 957 3692 Carrioue
975 3641 1060 3694 Caroli
1082 3646 1168 3709 magui
1184 3651 1249 3698 tem-

145 3730 252 3796 poribus
272 3729 420 3792 adsignatus
443 3733 487 3778 est
517 3728 583 3779 unde
608 3729 682 3779 130110
706 3728 798 3794 aliquis
817 3727 938 3792 effecerit,
962 3725 1108 3780 Carrionem
1131 3732 1159 3782 in
1178 3739 1247 3784 ratu-

145 3821 211 3866 stata
231 3816 345 3866 codicum
368 3813 523 3863 aestimanda
543 3819 642 3864 cautum
661 3815 740 3864 inissa
759 3817 785 3863 et
807 3813 932 3864 timidum.
961 3829 1040 3878 neque
1063 3820 1148 3868 tamen
1164 3818 1247 3868 minus

144 3901 312 3968 probabiliter
337 3900 395 3951 inda
413 3900 527 3950 conicere
551 3899 615 3949 milri
638 3900 739 3964 videor,
763 3903 843 3950 artem
861 3899 1049 3965 diplomaticam
1067 3918 1140 3967 qnam
1161 3902 1248 3954 dicunt

144 4003 202 4038 eum
219 4003 310 4054 parum
328 3985 452 4036 calluisse.
478 3985 615 4036 sedetiam
633 3983 703 4034 aliud
720 3987 805 4050 potest
820 3983 848 4034 in
864 3999 941 4036 causa
958 3985 1050 4052 inissa,
1072 4003 1117 4037 cur
1134 3986 1247 4038 codicem

145 4074 246 4124 saeculo
269 4073 367 4124 decimo
391 4072 478 4140 quinto
503 4074 630 4122 exaratum
655 4068 749 4118 saeculi
772 4068 863 4120 decimi
880 4086 934 4122 0000
952 4071 1041 4122 Carrio
1058 4071 1160 4122 diceret.
1187 4075 1248 4123 haec

145 4160 212 4210 enim
232 4160 335 4226 scripsit
353 4158 383 4207 de
403 4173 432 4206 eo
452 4157 610 4206 Burmannus
633 4153 662 4202 iu
686 4153 841 4224 praelatione
858 4155 895 4222 (p.
913 4156 957 4222 26)
974 4153 1028 4206 ‘sed
1046 4156 1149 4206 missum
1169 4157 1247 4209 10013-

144 4262 200 4294 nrus
217 4244 358 4307 hominem,
380 4243 452 4292 cuius
474 4257 571 4304 mores,
596 4239 755 4303 iactantiam,
778 4238 932 4290 ineruditum
954 4241 1046 4291 tastum
1068 4241 1194 4309 breviter,
1218 4261 1249 4296 ex

144 4329 277 4396 Lipsianis
294 4327 411 4394 epistolis
427 4327 546 4391 ineditis,
563 4324 629 4381 viris
645 4324 772 4377 coloribus
786 4323 926 4376 videbimus
943 4321 1057 4391 depicta¹
