3110 4972
712 431 857 491 oivnndar
870 445 970 490 medor

367 603 434 666 dira
454 603 544 664 deum
564 621 737 682 summoque
757 601 824 662 lues
846 605 996 682 urguebat
1017 601 1049 664 in
1069 621 1152 664 aevo.

369 703 479 786 quippe
499 724 598 784 neque
618 706 770 766 extorrem
787 707 905 767 tantm
923 725 981 768 nec
999 705 1075 770 lucie
1097 707 1239 786 egentem
1296 729 1301 748 ’-

368 807 493 891 insuper
513 807 670 888 Harpyiae
692 807 880 890 Typhoides,
903 809 949 870 ira
969 810 1110 889 tonantis,

298 959 305 967 .
370 910 553 992 depopulant
573 912 698 993 ipsoque
719 913 813 993 dapes
832 913 1016 993 praedentur
1035 914 1072 974 ab
1095 931 1154 974 ore.
1227 989 1230 998 1

372 1014 444 1076 talia
464 1013 601 1095 prodigia
622 1017 655 1077 et
672 1017 750 1078 tales
771 1035 829 1098 pro
849 1016 971 1079 crimine
992 1033 1106 1098 poenas
1301 1059 1303 1066 >
1323 1015 1390 1076 430

371 1116 547 1198 perpetitur.
591 1137 662 1199 spes
683 1139 745 1182 una
765 1119 847 1199 seni,
870 1120 950 1199 qnod
968 1119 1084 1201 pellere
1103 1135 1228 1180 mam

371 1221 520 1300 quondam
537 1221 601 1296 fata
618 1223 700 1284 luem
719 1223 866 1284 dederant
883 1221 1033 1301 Aquilone
1053 1220 1170 1283 creatis.

373 1342 446 1402 ergo
467 1322 519 1384 ubi
538 1324 598 1386 iam
618 1325 740 1407 Minyas
759 1329 931 1408 certamque
954 1326 1096 1388 amedere
1117 1323 1249 1386 Phineus

294 1467 306 1478 .,
318 1435 347 1481 :i
374 1425 466 1488 sentit
487 1447 589 1508 opem,
609 1428 721 1510 primas
740 1429 846 1491 haculo
869 1431 1002 1492 defertur
1023 1429 1062 1490 ad
1082 1429 1181 1490 undae

373 1529 566 1609 vestigatque
587 1534 683 1593 ratem
705 1535 797 1612 atque
816 1533 918 1594 oculos
938 1533 1047 1595 attollit
1067 1532 1180 1594 inanes
1325 1532 1392 1594 435

375 1635 447 1693 tunc
468 1634 589 1696 tenuem
611 1635 730 1717 spirans
750 1636 878 1698 animam
893 1627 991 1696 ‘salve
1014 1654 1031 1697 o
1053 1635 1124 1696 mihi
1144 1637 1268 1716 longum
1303 1679 1304 1688 1

376 1739 536 1817 expectata
556 1757 663 1800 manus
685 1732 863 1820 nostrisque'
886 1741 929 1802 ait
944 1732 1063 1819 ‘agnita
1080 1738 1167 1800 votis.

376 1841 514 1903 novimus
539 1845 571 1903 et
590 1842 668 1904 divis
689 1843 784 1922 geniti
806 1844 913 1924 quibus
934 1845 966 1903 et
986 1842 1038 1903 uia
1057 1841 1156 1902 iussos

377 1965 453 2026 quae
477 1947 556 2006 ferat
576 1965 612 2007 ao
632 1947 727 2008 vestri
748 1948 837 2007 rebar
858 1946 902 2008 sic
919 1948 1055 2026 tempora
1075 1965 1183 2006 cursus

376 2049 513 2128 proxima
535 2067 670 2129 quaeque
690 2049 815 2128 legens,
836 2051 981 2129 quantum
1003 2047 1150 2110 Vulcania
1168 2047 1299 2110 Lemnos
1328 2051 1396 2111 440

378 2153 519 2230 traxerit,
542 2152 645 2213 infelix
664 2151 767 2214 tulerit
787 2171 863 2234 quae
885 2150 1015 2234 Cyzicus
1035 2171 1126 2214 arma

379 2256 460 2316 sensi
482 2259 513 2317 et
531 2255 679 2337 Bebrycio
704 2273 875 2338 supremam
894 2257 926 2316 in
946 2257 1034 2318 litore
1052 2275 1186 2337 pugnam

380 2358 440 2418 iam
460 2359 581 2440 propior
599 2359 717 2440 iamque
735 2360 791 2421 hoo
812 2360 940 2421 animam
963 2361 1105 2422 solamine
1123 2361 1265 2422 mulcens.

302 2497 305 2504 ·
348 2485 354 2504 ⁶
379 2482 439 2522 non
462 2482 519 2540 ego
541 2481 637 2538 nuno,
659 2479 768 2541 magno
792 2464 870 2544 quod
891 2465 992 2524 cretus
1015 2463 1157 2543 Agenore
1177 2463 1318 2540 Phineus,

275 2621 345 2700 s
382 2567 435 2623 aut
456 2583 634 2641 memorem,
654 2585 722 2625 mea
744 2567 822 2646 quod
843 2575 931 2627 vates
951 2565 1062 2627 insedit
1084 2565 1193 2646 Apollo
1215 2593 1217 2600 ¹
1264 2612 1266 2618 .
1332 2569 1397 2628 445

298 2763 554 2778 ...η-ιιι*

402 2923 451 2969 426
469 2918 532 2968 Dira
552 2921 613 2966 Bon.
621 2911 633 2966 ⁴:
658 2917 729 2966 Dura
751 2917 867 2976 Venia,
890 2915 933 2965 Ira
949 2918 1138 2966 Friesemannns
1154 2919 1171 2965 i.
1191 2919 1208 2965 i.
1230 2933 1258 2978 p.
1280 2922 1328 2967 101

296 3019 367 3067 renrp
382 3006 503 3054 Heinsius
573 3017 717 3066 summoque
736 3000 792 3050 lues
812 3011 846 3068 ip:
874 3017 1019 3066 summoque
1039 3002 1092 3051 suis
1114 3003 1144 3062 V,
1164 3017 1261 3051 summo
1278 3017 1343 3068 qnae
1361 3002 1401 3052 ris

297 3107 334 3150 m,
350 3069 499 3156 *summoque
517 3089 557 3139 sui
573 3088 693 3153 surgebat
709 3089 729 3136 0
812 3087 841 3136 in
859 3086 932 3152 aevo]
951 3085 1059 3154 Olympo
1078 3087 1136 3136 Ala
1241 3089 1291 3139 427
1308 3103 1400 3152 aegen-

298 3181 349 3228 tem
368 3179 396 3230 V
503 3181 553 3228 428
576 3174 708 3242 Harpyiae
734 3172 880 3240 Typhoides
900 3175 920 3222 0
943 3171 1084 3240 (Harpyiae
1110 3169 1273 3239 Typhonides
1298 3188 1349 3222 1111
1373 3173 1401 3222 in

300 3268 378 3316 codiee
395 3281 438 3315 suo
455 3267 483 3314 in
503 3245 600 3313 sdtoliis
615 3263 786 3324 adflnnaosrnt
805 3260 931 3324 Curtium:
948 3257 1071 3324 yphoides
1088 3255 1191 3324 arpyiae
1212 3257 1243 3317 V,
1258 3255 1402 3323 hyphoides

299 3365 392 3417 arpyae
409 3352 451 3411 M,
470 3346 625 3418 typhonides
641 3346 763 3412 harpyiae
780 3349 859 3405 Bon,
880 3343 1042 3411 Typhonides
1058 3343 1179 3409 Harpyae
1196 3342 1284 3406 iraque
1300 3344 1361 3393 Ala.

300 3436 485 3492 4320113111
507 3437 533 3487 V
597 3432 678 3482 leuem
694 3433 728 3481 Μ
742 3433 825 3494 (prius
845 3446 858 3479 e
878 3433 980 3480 delatum
1000 3431 1049 3490 est)
1118 3427 1240 3477 dederunt
1255 3429 1318 3477 Rus

300 3521 350 3571 432
373 3521 490 3572 accedere
508 3523 553 3571 M:
581 3533 666 3568 accere
690 3517 716 3568 V
816 3511 975 3564 4343111110
1001 3514 1063 3564 duce
1087 3512 1166 3562 lertm
1184 3513 1357 3576 Peniksmpus
1371 3517 1405 3565 ad

304 3607 378 3672 Vsrp.
399 3601 524 3657 neam
543 3611 593 3657 639
679 3601 712 3652 ed
729 3603 776 3651 M:
794 3600 825 3648 ab
848 3601 873 3652 V
987 3599 1198 3662 437E1peotata
1214 3599 1248 3647 Μ
1251 3613 1261 3648 .·
1277 3599 1405 3664 Expectat

306 3691 355 3744 V·
397 3693 539 3756 nostrisque
557 3691 596 3740 M:
614 3688 744 3752 nostrique
764 3688 790 3737 V
855 3685 924 3734 uotis
941 3687 975 3735 Μ
979 3703 984 3733 :
1002 3682 1076 3733 uobis
1099 3685 1124 3734 V
1139 3686 1176 3746 (at
1193 3686 1222 3733 ab
1240 3691 1344 3746 utroque
1361 3701 1404 3735 su·

296 3779 406 3842 perionis
423 3778 440 3826 b
455 3781 542 3827 literas
561 3775 645 3839 partis
666 3775 741 3822 latero
758 3779 878 3833 punctum
891 3771 976 3832 posunt
993 3785 1024 3820 m.
1039 3786 1100 3832 pn,
1124 3785 1170 3831 qun
1187 3773 1199 3819 t
1218 3771 1404 3822 4311111111ίί-

302 3867 415 3915 luendam
433 3878 485 3912 esse
502 3863 665 3925 sipnifloatnm
683 3858 805 3918 videtur),
823 3855 894 3906 vittis
912 3855 1033 3905 Heinsius
1101 3859 1151 3905 438
1168 3855 1213 3904 uia
1227 3871 1264 3905 m:
1282 3856 1363 3908 niaV

302 3955 352 4003 439
372 3951 428 4008 Quo
447 3951 524 4008 Bon,
545 3945 602 4002 Qua
619 3945 739 3994 Heinsius
809 3940 856 4006 sio]
882 3955 962 4006 prope
980 3943 1049 3992 idnn.
1086 3943 1259 4005 Peerlkampus
1275 3943 1309 3991 ad
1329 3941 1404 4006 Vsrp.

301 4042 366 4094 Aen.
385 4035 424 4090 VI
442 4039 492 4087 630
510 4037 586 4084 ionum
604 4031 663 4081 dicit
680 4043 731 4078 1111
748 4025 877 4089 difficilem
892 4043 921 4077 no
932 4026 1044 4089 sutum
1059 4037 1199 4091 annuntius
1267 4029 1318 4078 440
1333 4026 1406 4091 leges

306 4104 369 4180 Γ
432 4119 702 4173 senoniensium.
723 4129 770 4164 ser.
793 4115 819 4165 V
834 4129 865 4163 m.
886 4128 931 4164 sss.
1033 4119 1083 4164 442
1103 4113 1175 4164 Sensi
1193 4118 1220 4164 st
1235 4127 1260 4162 m
1277 4115 1294 4162 i.
1312 4127 1406 4178 marpr

303 4211 400 4263 Sentiet
422 4209 446 4262 V
565 4209 615 4255 443
637 4199 744 4268 propius
762 4201 883 4250 Heinsius
968 4197 1079 4248 animum
1098 4201 1161 4250 idua
1230 4196 1351 4248 solamine
1367 4213 1406 4248 m:

304 4295 425 4347 solamina
447 4297 474 4347 V
555 4287 678 4354 mulcens]
698 4303 755 4338 cons
774 4287 791 4337 i.
812 4301 862 4336 rus.
887 4300 933 4336 sn:
957 4286 982 4336 V
997 4299 1027 4334 m.
1048 4299 1093 4334 seo.
1211 4287 1262 4334 444
1279 4281 1405 4348 Phineus]

300 4399 330 4432 us
348 4385 364 4432 i.
384 4399 433 4432 ras.
456 4397 502 4430 son.
526 4382 550 4431 V
565 4396 595 4428 m.
616 4393 660 4426 sco.
