3086 4968
261 430 337 490 uqxx
694 433 923 474 rnonnoouuucr

262 617 315 659 roo
340 600 495 680 inserpere
525 603 634 662 mentes
661 599 781 678 integre
810 601 865 661 est.
901 601 978 661 hanc
1009 603 1110 661 cutem
1140 599 1244 662 Carrio
1269 601 1366 663 voluit

241 703 331 796 ''esse
349 701 497 762 enuntiati
511 704 706 769 structuram:
722 691 809 763 'dolor
820 703 904 764 iubet
917 706 948 764 et
961 704 1053 764 duras
1065 704 1224 783 insurgere
1238 707 1365 782 mentes,

240 805 352 882 terga
374 806 474 885 sequi,
503 823 706 884 properosque
729 805 912 885 coniungere
936 827 1069 886 gressus,
1101 807 1155 867 sed
1172 807 1267 868 verbe
1288 827 1366 889 quae

263 910 335 968 sunt
357 909 443 990 terpo
463 910 549 989 ecqui
571 927 631 968 non
651 911 778 988 possunt
806 929 875 970 ιιιι
896 911 960 970 sine
982 912 1104 990 copule,
1136 929 1214 990 quae
1241 931 1365 992 respon-

262 1009 333 1072 deat
354 1015 492 1088 cumei,
519 1011 597 1092 quod
620 1015 671 1072 ιιιι
659 1012 824 1087 teoedit,
812 1015 876 1073 tum
897 1033 967 1094 que,
997 1013 1077 1091 qnod
1099 1001 1198 1092 sequit
1198 1033 1242 1074 ur.
1284 1014 1366 1074 unde

261 1114 441 1194 scripturam
466 1115 549 1175 illem
574 1114 701 1175 hominis
727 1133 834 1195 perum
860 1115 1000 1195 prudent
992 1136 1017 1174 rs
1048 1119 1174 1195 apparet
1200 1135 1268 1176 esse
1297 1136 1366 1178 con-

261 1215 415 1292 iecturam,
437 1236 496 1296 qua
516 1237 576 1278 non
597 1218 643 1279 uti
666 1217 768 1279 debuit
755 1217 938 1293 tHeiusius,
962 1217 1011 1298 qui
1034 1218 1154 1298 scripsit
1175 1219 1311 1282 dolori
1280 1223 1367 1302 etque

180 1371 183 1376 .
260 1321 327 1382 e'roe
350 1339 526 1402 concerpere
553 1325 654 1382 mente.
689 1320 828 1399 equidem
850 1321 904 1382 vix
924 1324 997 1402 puto
1016 1321 1145 1382 inveniri
1166 1341 1272 1403 posse,
1295 1324 1367 1402 quid

261 1423 402 1484 Valerius
426 1425 586 1505 scripserit.
617 1443 684 1486 oum
706 1423 832 1484 enimin
850 1443 943 1484 versu
966 1427 1036 1499 176,
1058 1425 1154 1505 quetis
1171 1426 1203 1486 in
1217 1426 1366 1488 Vaticano

244 1525 381 1604 iegitur,
403 1527 482 1588 desit
502 1528 669 1588 subiectum
692 1527 771 1608 quod
793 1529 902 1588 vocant
923 1528 1127 1606 grammatici,
1146 1549 1244 1611 neque
1267 1531 1366 1592 ouius-

261 1648 332 1690 nem
358 1633 446 1709 terga
467 1629 664 1710 Argonautae
696 1630 781 1711 sequi
807 1629 966 1692 iubeantur
994 1631 1120 1710 sciatur,
1148 1631 1228 1693 inter
1255 1653 1365 1696 versus

263 1734 325 1794 175
349 1735 380 1794 et
406 1738 467 1795 176
490 1733 639 1796 excidisse
661 1732 771 1813 aliquid
794 1733 934 1814 proclivis
955 1735 1085 1815 suspicio
1106 1737 1161 1795 est.
1199 1754 1275 1815 quae
1298 1755 1367 1795 sen·

260 1836 356 1898 tentia
376 1837 424 1898 oui
444 1837 614 1898 reiectanea
633 1837 770 1912 videtur,
796 1836 822 1896 is
844 1837 994 1916 inpriore
1015 1856 1109 1897 versu
1128 1856 1182 1918 pro
1204 1841 1264 1915 cic,
1286 1839 1367 1918 quod

156 1993 157 1998 ,
261 1947 434 2021 corruptum
457 1942 512 2020 est,
534 1960 602 2002 cum
614 1939 786 2002 Burmanno
806 1944 865 2002 etot
887 1943 1027 2020 reponut3
1048 1941 1091 2001 sic
1114 1940 1194 2001 onim
1215 1941 1368 2002 sententie

260 2063 369 2105 versus
396 2044 506 2125 optime
536 2044 743 2122 redintegrate
766 2046 821 2103 est.
859 2042 891 2103 in
913 2063 1006 2104 rersu
1035 2045 1135 2104 autem
1156 2043 1206 2123 qui
1228 2043 1365 2123 sequitur

260 2151 359 2230 coopto
382 2148 511 2208 fortasse
533 2167 588 2228 pro
608 2151 691 2229 terpo
707 2146 895 2208 scribendum
916 2150 972 2222 ιιι,
994 2150 1029 2208 ιιι
1043 2146 1106 2206 dixi
1117 2146 1149 2207 in
1163 2136 1364 2206 adnotatione.

260 2269 388 2332 nemque
417 2250 627 2347 dissimilitudo
654 2249 821 2310 litterarum
848 2269 908 2310 non
927 2253 1013 2312 tenta
1035 2253 1082 2310 est
1103 2251 1215 2328 quante
1234 2247 1363 2325 videtur,

259 2355 348 2416 modo
376 2355 575 2434 corruptelam
597 2352 736 2432 largiaris
761 2352 820 2413 iam
843 2352 893 2414 illo
915 2356 1051 2434 tempore
1073 2354 1168 2414 ortam
1191 2370 1275 2426 esse,
1305 2371 1363 2431 quo

258 2457 367 2520 litteris
380 2455 552 2518 maiusculis
566 2455 728 2516 utebantur
740 2454 860 2514 librarii.
892 2457 991 2534 (curri
1003 2490 1047 2500 —
1060 2457 1172 2534 nuncu).
1196 2453 1364 2514 subiectum

259 2563 362 2622 autem
388 2561 599 2640 recuperatum
620 2557 692 2634 erit,
720 2558 746 2618 si
776 2577 844 2617 cum
865 2557 1038 2620 Burmanno
1059 2559 1158 2620 iubent
1179 2556 1363 2637 reposueris,

260 2664 300 2726 ad
326 2663 404 2742 quod
425 2664 542 2722 iuvenes
571 2679 588 2720 e
612 2679 705 2720 versu
730 2662 792 2720 174
819 2658 905 2721 facile
932 2661 1085 2742 repetitur.
1108 2696 1153 2706 -
1175 2661 1270 2730 784
1287 2659 1364 2742 pho-

257 2769 354 2828 rcoteo
373 2763 513 2826 Vaticani
536 2763 683 2844 scripture
705 2764 767 2840 est,
797 2783 852 2843 pro
874 2782 932 2843 que
947 2768 1082 2846 potentes
1098 2764 1187 2844 posui
1207 2783 1275 2824 cum
1296 2761 1362 2823 viro

259 2869 361 2945 docto,
381 2869 467 2930 cuius
488 2866 710 2928 emendationes
732 2863 876 2941 Heinsius
899 2885 916 2926 e
938 2868 1075 2946 margine
1098 2865 1278 2947 exemplaris
1301 2863 1362 2946 Ve-

256 2972 347 3032 ustae
368 2971 506 3032 editionis
536 2971 567 3031 in
592 2969 769 3052 bibliothece
790 2968 942 3037 Vaticana
960 2970 1073 3030 servati
1094 2970 1222 3050 collegit.
1257 2969 1292 3029 cf.
1315 2968 1363 3030 IV

257 3077 330 3138 585.
359 3073 391 3136 in
413 3072 563 3137 Carrionis
585 3073 693 3151 codice,
712 3071 830 3134 Heinsii
849 3073 944 3152 regio,
967 3072 1076 3134 Aldina
1099 3073 1228 3133 editione
1250 3072 1363 3150 legitur

247 3177 389 3256 ferentes,
414 3178 493 3257 quod
515 3195 695 3256 quemquem
714 3197 774 3239 non
793 3178 884 3256 longe
907 3176 1000 3238 distet
1021 3197 1039 3238 ι
1057 3176 1196 3237 Vaticani
1215 3175 1363 3259 ductibus,

256 3284 358 3342 tamen
378 3280 497 3361 probari
518 3280 630 3360 nequit.
670 3300 740 3342 nem
762 3283 868 3362 patent
896 3280 1015 3358 quidem
1038 3278 1274 3360 Symplegades,
1300 3279 1361 3339 ιι

255 3383 375 3464 patiunt
375 3402 412 3444 ur
434 3401 528 3444 naves
549 3367 731 3462 praeterire,
759 3385 887 3446 sedeas
908 3402 968 3444 non
989 3383 1074 3463 ipsae
1094 3381 1223 3443 ferunt
1215 3403 1232 3442 1
1247 3401 1273 3442 e.
1293 3401 1362 3461 pro·

255 3489 386 3548 movent
407 3485 442 3546 cf.
457 3485 504 3547 IV
528 3488 648 3546 678.ι
631 3485 721 3547 etiem
741 3487 853 3548 relicuo
872 3487 961 3547 huius
979 3505 1087 3546 versus
1109 3482 1232 3546 verba
1223 3502 1255 3542 ιιι
1276 3483 1362 3544 Vati-

256 3606 331 3648 cano
352 3591 492 3668 corrupta
474 3594 596 3662 at,sun
571 3587 770 3650 thebemus
798 3589 878 3650 enim
902 3588 1090 3667 additumque
1110 3585 1209 3666 fretis
1231 3589 1363 3668 repetens

254 3689 335 3765 freto
365 3710 490 3771 nomque
515 3691 683 3770 ptoreotcr.
728 3691 793 3770 ipse
828 3691 930 3753 addito
959 3693 1077 3771 iamque
1103 3693 1135 3751 et
1162 3693 1280 3771 iamque
1306 3709 1361 3770 pro

254 3812 381 3876 comque
401 3813 468 3854 cum
483 3793 568 3854 Italis
592 3793 669 3854 dedi.
701 3796 820 3873 iamque
841 3795 942 3854 cutem
964 3813 1024 3854 non
1043 3812 1098 3872 pro
1119 3797 1148 3856 et
1166 3795 1228 3854 ium
1249 3792 1362 3852 dictum

257 3899 320 3973 est,
351 3895 406 3956 sed
431 3915 486 3976 que
510 3895 585 3956 illud
613 3895 798 3978 gqminotum
825 3895 965 3957 Valerius
990 3896 1079 3956 metri
1108 3913 1200 3956 ιιιιιι
1229 3914 1288 3956 non
1316 3894 1360 3955 ιιι

255 4000 382 4068 vocibus
399 3998 551 4073 adiunxit,
573 3999 612 4058 ed
633 4017 707 4079 ques
729 3998 861 4078 pertinet
882 3999 1018 4079 proprie;
1041 3998 1145 4060 debuit
1166 3998 1244 4058 enim
1262 3997 1361 4058 dicere

253 4102 389 4185 fretoque
406 4101 502 4182 fretis
530 4103 592 4163 ium
623 4101 725 4164 addito
752 4104 884 4183 repetens
913 4103 1099 4184 Cyaneasque
1133 4105 1196 4164 iam
1218 4101 1360 4183 potenter.

255 4204 336 4265 uude
357 4207 427 4285 pote
411 4207 442 4266 et
462 4203 513 4264 illo
539 4222 633 4264 versu
649 4221 709 4264 non
731 4222 806 4284 opus
831 4223 899 4264 esse
906 4226 1022 4286 ‚quem
1042 4204 1225 4286 Pomponius
1245 4203 1323 4264 Laet
1323 4223 1360 4264 us

254 4308 425 4370 ant’e84
416 4306 542 4370 mseruit
569 4305 731 4374 Venturum
760 4305 841 4368 cocto
861 4303 943 4384 sotio
961 4307 1135 4370 melioretur
1156 4303 1250 4388 Aryo
1285 4323 1360 4386 quas

125 4494 761 4946 7¹
744 4708 961 4946 ru
