<?xml version="1.0" encoding="UTF-8"?>
<!DOCTYPE html PUBLIC "-//W3C//DTD XHTML 1.0 Transitional//EN"
    "http://www.w3.org/TR/xhtml1/DTD/xhtml1-transitional.dtd">
<html xmlns="http://www.w3.org/1999/xhtml" xml:lang="en" lang="en">
 <head>
  <title>
</title>
<meta http-equiv="Content-Type" content="text/html;charset=utf-8" />
  <meta name='ocr-system' content='tesseract 3.04.00' />
  <meta name='ocr-capabilities' content='ocr_page ocr_carea ocr_par ocr_line ocrx_word'/>
</head>
<body>
  <div class='ocr_page' id='page_1' title='image "./argonaviticonli00flacgoog_0039.png"; bbox 0 0 3086 4968; ppageno 0'>
   <div class='ocr_carea' id='block_1_1' title="bbox 266 437 930 482">
    <p class='ocr_par' dir='ltr' id='par_1_1' title="bbox 266 437 930 482">
     <span class='ocr_line' id='line_1_1' title="bbox 266 437 930 482; baseline -0.003 0"><span class='ocrx_word' id='word_1_1' title='bbox 266 437 350 482; x_wconf 80' lang='lat' dir='ltr'><strong>mn</strong></span> <span class='ocrx_word' id='word_1_2' title='bbox 701 437 930 480; x_wconf 70' lang='lat' dir='ltr'><strong>Ploffliofflolt</strong></span> 
     </span>
    </p>
   </div>
   <div class='ocr_carea' id='block_1_2' title="bbox 264 605 1375 1814">
    <p class='ocr_par' dir='ltr' id='par_1_2' title="bbox 264 605 1375 1814">
     <span class='ocr_line' id='line_1_2' title="bbox 267 605 1375 685; baseline 0.001 -16"><span class='ocrx_word' id='word_1_3' title='bbox 267 606 380 670; x_wconf 87' lang='lat' dir='ltr'><strong>dietum</strong></span> <span class='ocrx_word' id='word_1_4' title='bbox 401 609 456 667; x_wconf 76' lang='lat' dir='ltr'><strong>est</strong></span> <span class='ocrx_word' id='word_1_5' title='bbox 476 637 519 650; x_wconf 91' lang='lat'><strong>—-</strong></span> <span class='ocrx_word' id='word_1_6' title='bbox 540 623 569 666; x_wconf 85' lang='lat' dir='ltr'><strong>r.</strong></span> <span class='ocrx_word' id='word_1_7' title='bbox 592 605 656 666; x_wconf 84' lang='grc'><strong>364</strong></span> <span class='ocrx_word' id='word_1_8' title='bbox 678 621 755 685; x_wconf 86' lang='lat' dir='ltr'><strong>quae</strong></span> <span class='ocrx_word' id='word_1_9' title='bbox 774 605 807 666; x_wconf 91' lang='lat' dir='ltr'><strong>in</strong></span> <span class='ocrx_word' id='word_1_10' title='bbox 825 605 972 668; x_wconf 87' lang='lat' dir='ltr'><strong>Vatieano</strong></span> <span class='ocrx_word' id='word_1_11' title='bbox 993 605 1139 685; x_wconf 76' lang='lat' dir='ltr'><strong>legrmtur</strong></span> <span class='ocrx_word' id='word_1_12' title='bbox 1158 610 1211 670; x_wconf 82' lang='lat' dir='ltr'><strong>out</strong></span> <span class='ocrx_word' id='word_1_13' title='bbox 1228 607 1284 670; x_wconf 78' lang='grc'><strong>1114</strong></span> <span class='ocrx_word' id='word_1_14' title='bbox 1301 607 1375 672; x_wconf 83' lang='lat' dir='ltr'><strong>velit</strong></span> 
     </span>
     <span class='ocr_line' id='line_1_3' title="bbox 267 705 1374 790; baseline -0.002 -18"><span class='ocrx_word' id='word_1_15' title='bbox 267 727 447 790; x_wconf 87' lang='lat' dir='ltr'><strong>quamquam</strong></span> <span class='ocrx_word' id='word_1_16' title='bbox 473 707 512 767; x_wconf 89' lang='lat' dir='ltr'><strong>ab</strong></span> <span class='ocrx_word' id='word_1_17' title='bbox 533 705 658 770; x_wconf 83' lang='lat' dir='ltr'><strong>Heinsio</strong></span> <span class='ocrx_word' id='word_1_18' title='bbox 687 708 814 787; x_wconf 88' lang='lat' dir='ltr'><strong>probata</strong></span> <span class='ocrx_word' id='word_1_19' title='bbox 844 712 929 784; x_wconf 89' lang='lat' dir='ltr'><strong>sunt,</strong></span> <span class='ocrx_word' id='word_1_20' title='bbox 958 711 1060 770; x_wconf 85' lang='lat' dir='ltr'><strong>tamen</strong></span> <span class='ocrx_word' id='word_1_21' title='bbox 1081 727 1142 770; x_wconf 92' lang='lat' dir='ltr'><strong>non</strong></span> <span class='ocrx_word' id='word_1_22' title='bbox 1162 711 1292 790; x_wconf 91' lang='lat' dir='ltr'><strong>possunt</strong></span> <span class='ocrx_word' id='word_1_23' title='bbox 1311 728 1374 771; x_wconf 95' lang='lat' dir='ltr'><strong>non</strong></span> 
     </span>
     <span class='ocr_line' id='line_1_4' title="bbox 266 808 1372 893; baseline 0 -19"><span class='ocrx_word' id='word_1_24' title='bbox 266 832 336 874; x_wconf 91' lang='lat' dir='ltr'><strong>esse</strong></span> <span class='ocrx_word' id='word_1_25' title='bbox 359 812 507 893; x_wconf 79' lang='lat' dir='ltr'><strong>eorrupta</strong></span> <span class='ocrx_word' id='word_1_26' title='bbox 544 827 616 870; x_wconf 90' lang='lat' dir='ltr'><strong>nam</strong></span> <span class='ocrx_word' id='word_1_27' title='bbox 636 828 725 892; x_wconf 89' lang='lat' dir='ltr'><strong>quam</strong></span> <span class='ocrx_word' id='word_1_28' title='bbox 744 809 874 871; x_wconf 87' lang='lat' dir='ltr'><strong>voluerit</strong></span> <span class='ocrx_word' id='word_1_29' title='bbox 895 808 1006 891; x_wconf 81' lang='lat' dir='ltr'><strong>Styrus</strong></span> <span class='ocrx_word' id='word_1_30' title='bbox 1028 812 1144 874; x_wconf 85' lang='lat' dir='ltr'><strong>servari</strong></span> <span class='ocrx_word' id='word_1_31' title='bbox 1159 815 1250 893; x_wconf 91' lang='lat' dir='ltr'><strong>poeta</strong></span> <span class='ocrx_word' id='word_1_32' title='bbox 1262 832 1291 875; x_wconf 78' lang='grc'><strong>1.</strong></span> <span class='ocrx_word' id='word_1_33' title='bbox 1309 815 1372 874; x_wconf 81' lang='lat'><strong>362</strong></span> 
     </span>
     <span class='ocr_line' id='line_1_5' title="bbox 266 912 1373 996; baseline 0 -20"><span class='ocrx_word' id='word_1_34' title='bbox 266 913 456 996; x_wconf 76' lang='lat' dir='ltr'><strong>significavit,</strong></span> <span class='ocrx_word' id='word_1_35' title='bbox 477 915 609 974; x_wconf 87' lang='lat' dir='ltr'><strong>maestas</strong></span> <span class='ocrx_word' id='word_1_36' title='bbox 630 932 721 974; x_wconf 81' lang='lat' dir='ltr'><strong>voees</strong></span> <span class='ocrx_word' id='word_1_37' title='bbox 739 912 805 973; x_wconf 87' lang='lat' dir='ltr'><strong>aliis</strong></span> <span class='ocrx_word' id='word_1_38' title='bbox 828 913 978 994; x_wconf 83' lang='lat' dir='ltr'>puppibus</span> <span class='ocrx_word' id='word_1_39' title='bbox 1000 933 1069 974; x_wconf 89' lang='lat' dir='ltr'><strong>eum</strong></span> <span class='ocrx_word' id='word_1_40' title='bbox 1081 914 1247 976; x_wconf 83' lang='lat' dir='ltr'><strong>intendisse</strong></span> <span class='ocrx_word' id='word_1_41' title='bbox 1261 914 1373 976; x_wconf 87' lang='lat' dir='ltr'><strong>dioens.</strong></span> 
     </span>
     <span class='ocr_line' id='line_1_6' title="bbox 265 1015 1374 1100; baseline -0.002 -20"><span class='ocrx_word' id='word_1_42' title='bbox 265 1019 368 1100; x_wconf 86' lang='lat' dir='ltr'><strong>itaque</strong></span> <span class='ocrx_word' id='word_1_43' title='bbox 396 1035 464 1078; x_wconf 87' lang='lat' dir='ltr'><strong>eum</strong></span> <span class='ocrx_word' id='word_1_44' title='bbox 490 1016 529 1077; x_wconf 89' lang='lat' dir='ltr'><strong>ad</strong></span> <span class='ocrx_word' id='word_1_45' title='bbox 550 1016 751 1078; x_wconf 75' lang='lat' dir='ltr'><strong>coniecturam</strong></span> <span class='ocrx_word' id='word_1_46' title='bbox 774 1015 960 1076; x_wconf 91' lang='lat' dir='ltr'><strong>redeundum</strong></span> <span class='ocrx_word' id='word_1_47' title='bbox 982 1018 1080 1091; x_wconf 86' lang='lat' dir='ltr'><strong>esset,</strong></span> <span class='ocrx_word' id='word_1_48' title='bbox 1110 1016 1137 1077; x_wconf 88' lang='lat' dir='ltr'><strong>si</strong></span> <span class='ocrx_word' id='word_1_49' title='bbox 1159 1036 1196 1078; x_wconf 91' lang='lat' dir='ltr'><strong>ea</strong></span> <span class='ocrx_word' id='word_1_50' title='bbox 1217 1035 1308 1096; x_wconf 89' lang='lat' dir='ltr'><strong>quam</strong></span> <span class='ocrx_word' id='word_1_51' title='bbox 1325 1037 1374 1078; x_wconf 90' lang='lat' dir='ltr'><strong>re-</strong></span> 
     </span>
     <span class='ocr_line' id='line_1_7' title="bbox 266 1117 1374 1202; baseline -0.001 -19"><span class='ocrx_word' id='word_1_52' title='bbox 266 1121 333 1202; x_wconf 89' lang='lat' dir='ltr'><strong>eepi</strong></span> <span class='ocrx_word' id='word_1_53' title='bbox 354 1119 521 1185; x_wconf 89' lang='lat' dir='ltr'><strong>Weieherti</strong></span> <span class='ocrx_word' id='word_1_54' title='bbox 545 1118 753 1180; x_wconf 76' lang='lat' dir='ltr'><strong>emendatione</strong></span> <span class='ocrx_word' id='word_1_55' title='bbox 775 1117 1027 1194; x_wconf 81' lang='grc'><strong>001011000101,</strong></span> <span class='ocrx_word' id='word_1_56' title='bbox 1055 1137 1132 1199; x_wconf 92' lang='lat' dir='ltr'><strong>quae</strong></span> <span class='ocrx_word' id='word_1_57' title='bbox 1153 1118 1273 1180; x_wconf 88' lang='lat' dir='ltr'><strong>reliouis</strong></span> <span class='ocrx_word' id='word_1_58' title='bbox 1296 1137 1374 1201; x_wconf 86' lang='lat' dir='ltr'><strong>quae</strong></span> 
     </span>
     <span class='ocr_line' id='line_1_8' title="bbox 265 1219 1375 1305; baseline 0.002 -21"><span class='ocrx_word' id='word_1_59' title='bbox 265 1222 402 1305; x_wconf 88' lang='lat' dir='ltr'><strong>prolatae</strong></span> <span class='ocrx_word' id='word_1_60' title='bbox 424 1223 496 1282; x_wconf 93' lang='lat' dir='ltr'><strong>sunt</strong></span> <span class='ocrx_word' id='word_1_61' title='bbox 517 1220 612 1284; x_wconf 91' lang='lat' dir='ltr'><strong>multo</strong></span> <span class='ocrx_word' id='word_1_62' title='bbox 634 1221 785 1302; x_wconf 87' lang='lat' dir='ltr'><strong>praestat,</strong></span> <span class='ocrx_word' id='word_1_63' title='bbox 809 1219 924 1281; x_wconf 85' lang='lat' dir='ltr'><strong>Valerii</strong></span> <span class='ocrx_word' id='word_1_64' title='bbox 941 1222 1034 1282; x_wconf 87' lang='lat' dir='ltr'><strong>verba</strong></span> <span class='ocrx_word' id='word_1_65' title='bbox 1054 1223 1315 1302; x_wconf 77' lang='lat' dir='ltr'><strong>recuperavimus,</strong></span> <span class='ocrx_word' id='word_1_66' title='bbox 1336 1241 1375 1286; x_wconf 87' lang='lat' dir='ltr'><strong>ea</strong></span> 
     </span>
     <span class='ocr_line' id='line_1_9' title="bbox 264 1317 1373 1404; baseline -0.001 -17"><span class='ocrx_word' id='word_1_67' title='bbox 264 1324 410 1404; x_wconf 81' lang='lat' dir='ltr'><strong>languida</strong></span> <span class='ocrx_word' id='word_1_68' title='bbox 446 1326 531 1386; x_wconf 88' lang='lat' dir='ltr'><strong>suut·</strong></span> <span class='ocrx_word' id='word_1_69' title='bbox 546 1324 679 1404; x_wconf 87' lang='lat' dir='ltr'><strong>profeoto</strong></span> <span class='ocrx_word' id='word_1_70' title='bbox 709 1325 741 1384; x_wconf 94' lang='lat' dir='ltr'><strong>et</strong></span> <span class='ocrx_word' id='word_1_71' title='bbox 770 1317 959 1404; x_wconf 80' lang='grc' dir='ltr'><em>ταῦτολόγα.</em></span> <span class='ocrx_word' id='word_1_72' title='bbox 1004 1324 1198 1386; x_wconf 86' lang='lat' dir='ltr'><strong>Weiohertus</strong></span> <span class='ocrx_word' id='word_1_73' title='bbox 1236 1327 1275 1388; x_wconf 91' lang='lat' dir='ltr'><strong>ad</strong></span> <span class='ocrx_word' id='word_1_74' title='bbox 1308 1344 1373 1388; x_wconf 90' lang='lat' dir='ltr'><strong>eor-</strong></span> 
     </span>
     <span class='ocr_line' id='line_1_10' title="bbox 265 1423 1374 1490; baseline -0.001 0"><span class='ocrx_word' id='word_1_75' title='bbox 265 1429 431 1490; x_wconf 85' lang='lat' dir='ltr'><strong>reetionem</strong></span> <span class='ocrx_word' id='word_1_76' title='bbox 466 1444 553 1488; x_wconf 86' lang='lat' dir='ltr'><strong>suam</strong></span> <span class='ocrx_word' id='word_1_77' title='bbox 583 1425 802 1487; x_wconf 81' lang='lat' dir='ltr'><strong>defendendam</strong></span> <span class='ocrx_word' id='word_1_78' title='bbox 831 1423 984 1487; x_wconf 80' lang='lat' dir='ltr'><strong>Ciceronis</strong></span> <span class='ocrx_word' id='word_1_79' title='bbox 1012 1428 1052 1487; x_wconf 87' lang='lat' dir='ltr'><strong>ed</strong></span> <span class='ocrx_word' id='word_1_80' title='bbox 1075 1425 1167 1488; x_wconf 74' lang='lat' dir='ltr'><strong>Attio.</strong></span> <span class='ocrx_word' id='word_1_81' title='bbox 1188 1426 1236 1490; x_wconf 87' lang='lat' dir='ltr'><strong>IV</strong></span> <span class='ocrx_word' id='word_1_82' title='bbox 1259 1432 1277 1490; x_wconf 83' lang='lat'><strong>3</strong></span> <span class='ocrx_word' id='word_1_83' title='bbox 1307 1428 1374 1490; x_wconf 89' lang='lat' dir='ltr'><strong>lau·</strong></span> 
     </span>
     <span class='ocr_line' id='line_1_11' title="bbox 266 1525 1371 1611; baseline 0.001 -19"><span class='ocrx_word' id='word_1_84' title='bbox 266 1529 350 1592; x_wconf 85' lang='lat' dir='ltr'><strong>davit</strong></span> <span class='ocrx_word' id='word_1_85' title='bbox 377 1531 519 1611; x_wconf 72' lang='lat' dir='ltr'><strong>quantum</strong></span> <span class='ocrx_word' id='word_1_86' title='bbox 545 1531 628 1610; x_wconf 83' lang='lat' dir='ltr'><strong>potes</strong></span> <span class='ocrx_word' id='word_1_87' title='bbox 650 1531 678 1590; x_wconf 85' lang='lat' dir='ltr'><strong>et</strong></span> <span class='ocrx_word' id='word_1_88' title='bbox 706 1528 787 1592; x_wconf 82' lang='lat' dir='ltr'><strong>votes</strong></span> <span class='ocrx_word' id='word_1_89' title='bbox 814 1529 845 1588; x_wconf 90' lang='lat' dir='ltr'><strong>et</strong></span> <span class='ocrx_word' id='word_1_90' title='bbox 866 1525 1010 1590; x_wconf 87' lang='lat' dir='ltr'><strong>Wolfium</strong></span> <span class='ocrx_word' id='word_1_91' title='bbox 1035 1527 1257 1594; x_wconf 69' lang='lat' dir='ltr'><strong>aequetur</strong></span> <span class='ocrx_word' id='word_1_92' title='bbox 1281 1550 1304 1592; x_wconf 86' lang='lat' dir='ltr'><strong>e</strong></span> <span class='ocrx_word' id='word_1_93' title='bbox 1331 1534 1371 1594; x_wconf 81' lang='grc'><strong>79</strong></span> 
     </span>
     <span class='ocr_line' id='line_1_12' title="bbox 267 1629 1374 1712; baseline -0.001 -16"><span class='ocrx_word' id='word_1_94' title='bbox 267 1631 396 1696; x_wconf 82' lang='lat' dir='ltr'><strong>conferri</strong></span> <span class='ocrx_word' id='word_1_95' title='bbox 422 1629 519 1692; x_wconf 84' lang='lat' dir='ltr'><strong>iussit</strong></span> <span class='ocrx_word' id='word_1_96' title='bbox 545 1665 590 1676; x_wconf 90' lang='lat'><em>-</em></span> <span class='ocrx_word' id='word_1_97' title='bbox 617 1652 646 1692; x_wconf 84' lang='lat' dir='ltr'><strong>v.</strong></span> <span class='ocrx_word' id='word_1_98' title='bbox 676 1634 739 1694; x_wconf 81' lang='grc'><strong>463</strong></span> <span class='ocrx_word' id='word_1_99' title='bbox 767 1629 896 1692; x_wconf 83' lang='lat' dir='ltr'><strong>Medeae</strong></span> <span class='ocrx_word' id='word_1_100' title='bbox 924 1649 1001 1712; x_wconf 92' lang='lat' dir='ltr'><strong>quae</strong></span> <span class='ocrx_word' id='word_1_101' title='bbox 1027 1629 1168 1693; x_wconf 81' lang='lat' dir='ltr'><strong>Iasonem</strong></span> <span class='ocrx_word' id='word_1_102' title='bbox 1197 1631 1311 1712; x_wconf 85' lang='lat' dir='ltr'><strong>fugerit</strong></span> <span class='ocrx_word' id='word_1_103' title='bbox 1341 1637 1374 1696; x_wconf 88' lang='lat' dir='ltr'><strong>et</strong></span> 
     </span>
     <span class='ocr_line' id='line_1_13' title="bbox 266 1733 1373 1814; baseline -0.001 -18"><span class='ocrx_word' id='word_1_104' title='bbox 266 1735 332 1797; x_wconf 88' lang='lat' dir='ltr'><strong>sola</strong></span> <span class='ocrx_word' id='word_1_105' title='bbox 360 1735 416 1795; x_wconf 92' lang='lat' dir='ltr'><strong>sub</strong></span> <span class='ocrx_word' id='word_1_106' title='bbox 440 1736 529 1796; x_wconf 87' lang='lat' dir='ltr'><strong>noete</strong></span> <span class='ocrx_word' id='word_1_107' title='bbox 557 1735 595 1796; x_wconf 89' lang='lat' dir='ltr'><strong>ab</strong></span> <span class='ocrx_word' id='word_1_108' title='bbox 620 1735 671 1796; x_wconf 92' lang='grc'><strong>1110</strong></span> <span class='ocrx_word' id='word_1_109' title='bbox 698 1754 732 1794; x_wconf 91' lang='lat' dir='ltr'><strong>se</strong></span> <span class='ocrx_word' id='word_1_110' title='bbox 759 1735 912 1796; x_wconf 79' lang='lat' dir='ltr'><strong>desertam</strong></span> <span class='ocrx_word' id='word_1_111' title='bbox 947 1753 1016 1794; x_wconf 90' lang='lat' dir='ltr'><strong>esse</strong></span> <span class='ocrx_word' id='word_1_112' title='bbox 1050 1735 1194 1814; x_wconf 87' lang='lat' dir='ltr'><strong>queratur</strong></span> <span class='ocrx_word' id='word_1_113' title='bbox 1227 1733 1373 1795; x_wconf 84' lang='lat' dir='ltr'><strong>lamenta·</strong></span> 
     </span>
    </p>
   </div>
   <div class='ocr_carea' id='block_1_3' title="bbox 160 1834 1372 1927">
    <p class='ocr_par' dir='ltr' id='par_1_3' title="bbox 160 1834 1372 1927">
     <span class='ocr_line' id='line_1_14' title="bbox 160 1834 1372 1927; baseline -0.002 -25"><span class='ocrx_word' id='word_1_114' title='bbox 160 1907 164 1927; x_wconf 37' lang='lat'><strong>¹</strong></span> <span class='ocrx_word' id='word_1_115' title='bbox 265 1839 363 1902; x_wconf 89' lang='lat' dir='ltr'><strong>tiones</strong></span> <span class='ocrx_word' id='word_1_116' title='bbox 386 1855 454 1898; x_wconf 91' lang='lat' dir='ltr'><strong>eum</strong></span> <span class='ocrx_word' id='word_1_117' title='bbox 477 1836 602 1898; x_wconf 87' lang='lat' dir='ltr'><strong>voeibus</strong></span> <span class='ocrx_word' id='word_1_118' title='bbox 626 1840 811 1898; x_wconf 88' lang='lat' dir='ltr'><strong>maestarum</strong></span> <span class='ocrx_word' id='word_1_119' title='bbox 835 1837 975 1918; x_wconf 90' lang='lat' dir='ltr'><strong>luparum</strong></span> <span class='ocrx_word' id='word_1_120' title='bbox 1000 1837 1211 1919; x_wconf 79' lang='lat' dir='ltr'><strong>comparantur</strong></span> <span class='ocrx_word' id='word_1_121' title='bbox 1230 1834 1372 1899; x_wconf 80' lang='grc'><strong>10110111-</strong></span> 
     </span>
    </p>
   </div>
   <div class='ocr_carea' id='block_1_4' title="bbox 256 1937 1452 4392">
    <p class='ocr_par' dir='ltr' id='par_1_4' title="bbox 256 1937 1452 4392">
     <span class='ocr_line' id='line_1_15' title="bbox 265 1937 1371 2020; baseline -0.002 -16"><span class='ocrx_word' id='word_1_122' title='bbox 265 1959 374 2004; x_wconf 86' lang='lat' dir='ltr'><strong>norum</strong></span> <span class='ocrx_word' id='word_1_123' title='bbox 394 1940 516 2002; x_wconf 93' lang='lat' dir='ltr'><strong>leonum</strong></span> <span class='ocrx_word' id='word_1_124' title='bbox 542 1940 663 2002; x_wconf 80' lang='lat' dir='ltr'><strong>fremitu</strong></span> <span class='ocrx_word' id='word_1_125' title='bbox 690 1938 742 2001; x_wconf 84' lang='lat' dir='ltr'><strong>rel</strong></span> <span class='ocrx_word' id='word_1_126' title='bbox 765 1937 903 2018; x_wconf 88' lang='lat' dir='ltr'><strong>suspiriis</strong></span> <span class='ocrx_word' id='word_1_127' title='bbox 924 1939 1052 2020; x_wconf 91' lang='lat' dir='ltr'><strong>denique</strong></span> <span class='ocrx_word' id='word_1_128' title='bbox 1074 1940 1246 2002; x_wconf 86' lang='lat' dir='ltr'><strong>orbatarum</strong></span> <span class='ocrx_word' id='word_1_129' title='bbox 1266 1959 1371 2002; x_wconf 82' lang='lat' dir='ltr'><strong>raooa·</strong></span> 
     </span>
     <span class='ocr_line' id='line_1_16' title="bbox 263 2042 1370 2123; baseline 0 -17"><span class='ocrx_word' id='word_1_130' title='bbox 263 2063 346 2109; x_wconf 86' lang='lat' dir='ltr'><strong>rum:</strong></span> <span class='ocrx_word' id='word_1_131' title='bbox 367 2061 444 2123; x_wconf 89' lang='lat' dir='ltr'><strong>quae</strong></span> <span class='ocrx_word' id='word_1_132' title='bbox 465 2043 702 2122; x_wconf 86' lang='lat' dir='ltr'><strong>eomparationes</strong></span> <span class='ocrx_word' id='word_1_133' title='bbox 721 2061 781 2102; x_wconf 92' lang='lat' dir='ltr'><strong>non</strong></span> <span class='ocrx_word' id='word_1_134' title='bbox 800 2042 898 2104; x_wconf 90' lang='lat' dir='ltr'><strong>minus</strong></span> <span class='ocrx_word' id='word_1_135' title='bbox 918 2042 1039 2123; x_wconf 83' lang='lat' dir='ltr'><strong>ineptae</strong></span> <span class='ocrx_word' id='word_1_136' title='bbox 1054 2045 1127 2102; x_wconf 88' lang='lat' dir='ltr'><strong>sunt</strong></span> <span class='ocrx_word' id='word_1_137' title='bbox 1140 2045 1172 2106; x_wconf 90' lang='lat' dir='ltr'><strong>et</strong></span> <span class='ocrx_word' id='word_1_138' title='bbox 1183 2043 1370 2122; x_wconf 85' lang='lat' dir='ltr'><strong>inelegantes</strong></span> 
     </span>
     <span class='ocr_line' id='line_1_17' title="bbox 265 2144 1371 2227; baseline 0 -18"><span class='ocrx_word' id='word_1_139' title='bbox 265 2165 356 2227; x_wconf 87' lang='lat' dir='ltr'><strong>quam</strong></span> <span class='ocrx_word' id='word_1_140' title='bbox 377 2146 445 2224; x_wconf 89' lang='grc'><strong>1114,</strong></span> <span class='ocrx_word' id='word_1_141' title='bbox 469 2164 528 2225; x_wconf 91' lang='lat' dir='ltr'><strong>qua</strong></span> <span class='ocrx_word' id='word_1_142' title='bbox 548 2144 580 2205; x_wconf 95' lang='lat' dir='ltr'><strong>in</strong></span> <span class='ocrx_word' id='word_1_143' title='bbox 604 2145 731 2225; x_wconf 90' lang='lat' dir='ltr'><strong>septimo</strong></span> <span class='ocrx_word' id='word_1_144' title='bbox 750 2145 826 2208; x_wconf 90' lang='lat' dir='ltr'><strong>libro</strong></span> <span class='ocrx_word' id='word_1_145' title='bbox 844 2165 873 2207; x_wconf 85' lang='lat' dir='ltr'><strong>r.</strong></span> <span class='ocrx_word' id='word_1_146' title='bbox 892 2149 953 2208; x_wconf 83' lang='lat'><strong>125</strong></span> <span class='ocrx_word' id='word_1_147' title='bbox 970 2165 1034 2224; x_wconf 89' lang='lat' dir='ltr'><strong>sqq.</strong></span> <span class='ocrx_word' id='word_1_148' title='bbox 1056 2145 1198 2208; x_wconf 84' lang='lat' dir='ltr'><strong>Valerius</strong></span> <span class='ocrx_word' id='word_1_149' title='bbox 1220 2166 1295 2208; x_wconf 88' lang='lat' dir='ltr'><strong>usus</strong></span> <span class='ocrx_word' id='word_1_150' title='bbox 1315 2149 1371 2223; x_wconf 90' lang='lat' dir='ltr'><strong>est,</strong></span> 
     </span>
     <span class='ocr_line' id='line_1_18' title="bbox 264 2248 1371 2329; baseline 0.001 -18"><span class='ocrx_word' id='word_1_151' title='bbox 264 2249 316 2311; x_wconf 90' lang='lat' dir='ltr'><strong>ubi</strong></span> <span class='ocrx_word' id='word_1_152' title='bbox 326 2248 467 2310; x_wconf 85' lang='lat' dir='ltr'><strong>Medeam</strong></span> <span class='ocrx_word' id='word_1_153' title='bbox 483 2248 659 2328; x_wconf 83' lang='lat' dir='ltr'><strong>priusquam</strong></span> <span class='ocrx_word' id='word_1_154' title='bbox 679 2248 776 2310; x_wconf 88' lang='lat' dir='ltr'><strong>abiret</strong></span> <span class='ocrx_word' id='word_1_155' title='bbox 796 2252 937 2329; x_wconf 89' lang='lat' dir='ltr'><strong>parentes</strong></span> <span class='ocrx_word' id='word_1_156' title='bbox 959 2249 1140 2310; x_wconf 89' lang='lat' dir='ltr'><strong>muloentem</strong></span> <span class='ocrx_word' id='word_1_157' title='bbox 1160 2251 1287 2312; x_wconf 87' lang='lat' dir='ltr'><strong>eontulit</strong></span> <span class='ocrx_word' id='word_1_158' title='bbox 1302 2270 1371 2312; x_wconf 91' lang='lat' dir='ltr'><strong>oum</strong></span> 
     </span>
     <span class='ocr_line' id='line_1_19' title="bbox 265 2351 1370 2434; baseline -0.001 -19"><span class='ocrx_word' id='word_1_159' title='bbox 265 2373 350 2431; x_wconf 87' lang='lat' dir='ltr'><strong>eane,</strong></span> <span class='ocrx_word' id='word_1_160' title='bbox 370 2371 448 2434; x_wconf 92' lang='lat' dir='ltr'><strong>quae</strong></span> <span class='ocrx_word' id='word_1_161' title='bbox 465 2351 580 2412; x_wconf 85' lang='lat' dir='ltr'><strong>rabiem</strong></span> <span class='ocrx_word' id='word_1_162' title='bbox 600 2351 732 2412; x_wconf 81' lang='grc'><strong>1011114111</strong></span> <span class='ocrx_word' id='word_1_163' title='bbox 752 2353 886 2414; x_wconf 89' lang='lat' dir='ltr'><strong>sentiens</strong></span> <span class='ocrx_word' id='word_1_164' title='bbox 900 2356 993 2414; x_wconf 84' lang='lat' dir='ltr'><strong>totam</strong></span> <span class='ocrx_word' id='word_1_165' title='bbox 1007 2351 1128 2414; x_wconf 87' lang='lat' dir='ltr'><strong>domum</strong></span> <span class='ocrx_word' id='word_1_166' title='bbox 1140 2353 1312 2432; x_wconf 88' lang='lat' dir='ltr'><strong>perlustrat</strong></span> <span class='ocrx_word' id='word_1_167' title='bbox 1326 2389 1370 2400; x_wconf 91' lang='lat'>-</span> 
     </span>
     <span class='ocr_line' id='line_1_20' title="bbox 263 2453 1452 2538; baseline 0.002 -22"><span class='ocrx_word' id='word_1_168' title='bbox 263 2457 335 2538; x_wconf 92' lang='lat' dir='ltr'><strong>post</strong></span> <span class='ocrx_word' id='word_1_169' title='bbox 355 2458 417 2516; x_wconf 82' lang='grc'><strong>459</strong></span> <span class='ocrx_word' id='word_1_170' title='bbox 447 2454 479 2514; x_wconf 89' lang='grc'><strong>111</strong></span> <span class='ocrx_word' id='word_1_171' title='bbox 500 2453 648 2514; x_wconf 85' lang='lat' dir='ltr'><strong>Vatioano</strong></span> <span class='ocrx_word' id='word_1_172' title='bbox 669 2453 718 2513; x_wconf 89' lang='lat' dir='ltr'><strong>hio</strong></span> <span class='ocrx_word' id='word_1_173' title='bbox 737 2475 845 2518; x_wconf 85' lang='lat' dir='ltr'><strong>versus</strong></span> <span class='ocrx_word' id='word_1_174' title='bbox 865 2456 978 2536; x_wconf 84' lang='lat' dir='ltr'><strong>legitur</strong></span> <span class='ocrx_word' id='word_1_175' title='bbox 997 2454 1070 2537; x_wconf 80' lang='lat' dir='ltr'><strong>quid</strong></span> <span class='ocrx_word' id='word_1_176' title='bbox 1091 2455 1193 2518; x_wconf 81' lang='lat' dir='ltr'><strong>iubeor</strong></span> <span class='ocrx_word' id='word_1_177' title='bbox 1213 2457 1272 2520; x_wconf 80' lang='lat' dir='ltr'><strong>tau</strong></span> <span class='ocrx_word' id='word_1_178' title='bbox 1295 2455 1370 2518; x_wconf 82' lang='lat' dir='ltr'><strong>dure</strong></span> <span class='ocrx_word' id='word_1_179' title='bbox 1445 2481 1452 2488; x_wconf 88' lang='lat'><em>·</em></span> 
     </span>
     <span class='ocr_line' id='line_1_21' title="bbox 263 2557 1371 2640; baseline -0.001 -18"><span class='ocrx_word' id='word_1_180' title='bbox 263 2561 337 2622; x_wconf 80' lang='lat' dir='ltr'><strong>sitas</strong></span> <span class='ocrx_word' id='word_1_181' title='bbox 370 2577 568 2640; x_wconf 77' lang='lat' dir='ltr'><strong>mopnumpae</strong></span> <span class='ocrx_word' id='word_1_182' title='bbox 602 2559 750 2634; x_wconf 80' lang='lat' dir='ltr'><strong>minatur,</strong></span> <span class='ocrx_word' id='word_1_183' title='bbox 785 2559 837 2636; x_wconf 92' lang='lat' dir='ltr'><strong>qui</strong></span> <span class='ocrx_word' id='word_1_184' title='bbox 872 2558 943 2638; x_wconf 89' lang='lat' dir='ltr'><strong>quin</strong></span> <span class='ocrx_word' id='word_1_185' title='bbox 978 2576 1032 2618; x_wconf 90' lang='lat' dir='ltr'><strong>suo</strong></span> <span class='ocrx_word' id='word_1_186' title='bbox 1064 2557 1129 2619; x_wconf 89' lang='lat' dir='ltr'><strong>loeo</strong></span> <span class='ocrx_word' id='word_1_187' title='bbox 1158 2561 1258 2620; x_wconf 92' lang='lat' dir='ltr'><strong>motus</strong></span> <span class='ocrx_word' id='word_1_188' title='bbox 1287 2561 1371 2622; x_wconf 91' lang='lat' dir='ltr'><strong>esset</strong></span> 
     </span>
     <span class='ocr_line' id='line_1_22' title="bbox 263 2659 1371 2743; baseline 0.002 -17"><span class='ocrx_word' id='word_1_189' title='bbox 263 2681 351 2726; x_wconf 90' lang='lat' dir='ltr'><strong>nemo</strong></span> <span class='ocrx_word' id='word_1_190' title='bbox 372 2661 493 2743; x_wconf 88' lang='lat' dir='ltr'><strong>quidem</strong></span> <span class='ocrx_word' id='word_1_191' title='bbox 512 2659 668 2735; x_wconf 85' lang='lat' dir='ltr'><strong>dubitavit,</strong></span> <span class='ocrx_word' id='word_1_192' title='bbox 691 2661 859 2722; x_wconf 86' lang='lat' dir='ltr'><strong>dubitatum</strong></span> <span class='ocrx_word' id='word_1_193' title='bbox 880 2664 982 2722; x_wconf 90' lang='lat' dir='ltr'><strong>tamen</strong></span> <span class='ocrx_word' id='word_1_194' title='bbox 1003 2662 1052 2721; x_wconf 91' lang='lat' dir='ltr'><strong>est</strong></span> <span class='ocrx_word' id='word_1_195' title='bbox 1074 2679 1093 2721; x_wconf 91' lang='lat' dir='ltr'><strong>a</strong></span> <span class='ocrx_word' id='word_1_196' title='bbox 1110 2663 1212 2724; x_wconf 90' lang='lat' dir='ltr'><strong>multis</strong></span> <span class='ocrx_word' id='word_1_197' title='bbox 1234 2667 1266 2724; x_wconf 92' lang='lat' dir='ltr'><strong>et</strong></span> <span class='ocrx_word' id='word_1_198' title='bbox 1279 2664 1371 2728; x_wconf 82' lang='lat' dir='ltr'><strong>etiam</strong></span> 
     </span>
     <span class='ocr_line' id='line_1_23' title="bbox 263 2763 1369 2845; baseline 0.001 -18"><span class='ocrx_word' id='word_1_199' title='bbox 263 2783 344 2827; x_wconf 88' lang='lat' dir='ltr'><strong>nune</strong></span> <span class='ocrx_word' id='word_1_200' title='bbox 364 2764 519 2825; x_wconf 86' lang='lat' dir='ltr'><strong>dubitatur</strong></span> <span class='ocrx_word' id='word_1_201' title='bbox 540 2781 558 2824; x_wconf 91' lang='lat' dir='ltr'><strong>a</strong></span> <span class='ocrx_word' id='word_1_202' title='bbox 577 2781 640 2838; x_wconf 89' lang='lat' dir='ltr'><strong>me,</strong></span> <span class='ocrx_word' id='word_1_203' title='bbox 661 2765 764 2824; x_wconf 87' lang='lat' dir='ltr'><strong>utrum</strong></span> <span class='ocrx_word' id='word_1_204' title='bbox 785 2781 804 2824; x_wconf 92' lang='lat' dir='ltr'><strong>a</strong></span> <span class='ocrx_word' id='word_1_205' title='bbox 824 2763 973 2825; x_wconf 87' lang='lat' dir='ltr'><strong>Lemairio</strong></span> <span class='ocrx_word' id='word_1_206' title='bbox 994 2767 1065 2845; x_wconf 89' lang='lat' dir='ltr'><strong>post</strong></span> <span class='ocrx_word' id='word_1_207' title='bbox 1085 2767 1159 2842; x_wconf 85' lang='grc'><strong>440,</strong></span> <span class='ocrx_word' id='word_1_208' title='bbox 1177 2783 1216 2826; x_wconf 88' lang='lat' dir='ltr'><strong>an</strong></span> <span class='ocrx_word' id='word_1_209' title='bbox 1234 2784 1254 2826; x_wconf 89' lang='lat' dir='ltr'><strong>a</strong></span> <span class='ocrx_word' id='word_1_210' title='bbox 1270 2765 1369 2828; x_wconf 84' lang='lat' dir='ltr'><strong>Mase-</strong></span> 
     </span>
     <span class='ocr_line' id='line_1_24' title="bbox 261 2866 1370 2946; baseline 0.002 -17"><span class='ocrx_word' id='word_1_211' title='bbox 261 2869 306 2930; x_wconf 88' lang='lat' dir='ltr'><strong>rio</strong></span> <span class='ocrx_word' id='word_1_212' title='bbox 330 2871 362 2928; x_wconf 90' lang='lat' dir='ltr'><strong>et</strong></span> <span class='ocrx_word' id='word_1_213' title='bbox 385 2866 559 2928; x_wconf 87' lang='lat' dir='ltr'><strong>Weioherto</strong></span> <span class='ocrx_word' id='word_1_214' title='bbox 589 2867 659 2946; x_wconf 90' lang='lat' dir='ltr'><strong>post</strong></span> <span class='ocrx_word' id='word_1_215' title='bbox 687 2870 751 2928; x_wconf 79' lang='grc'><strong>462</strong></span> <span class='ocrx_word' id='word_1_216' title='bbox 777 2867 889 2928; x_wconf 79' lang='lat' dir='ltr'><strong>rectius</strong></span> <span class='ocrx_word' id='word_1_217' title='bbox 916 2867 1078 2928; x_wconf 80' lang='lat' dir='ltr'><strong>collocatus</strong></span> <span class='ocrx_word' id='word_1_218' title='bbox 1103 2868 1150 2929; x_wconf 85' lang='lat' dir='ltr'><strong>sit</strong></span> <span class='ocrx_word' id='word_1_219' title='bbox 1194 2867 1275 2930; x_wconf 89' lang='lat' dir='ltr'><strong>illius</strong></span> <span class='ocrx_word' id='word_1_220' title='bbox 1293 2869 1370 2932; x_wconf 87' lang='lat' dir='ltr'><strong>ratio</strong></span> 
     </span>
     <span class='ocr_line' id='line_1_25' title="bbox 263 2968 1370 3050; baseline 0.001 -18"><span class='ocrx_word' id='word_1_221' title='bbox 263 2989 299 3032; x_wconf 93' lang='lat' dir='ltr'><strong>eo</strong></span> <span class='ocrx_word' id='word_1_222' title='bbox 318 2968 555 3045; x_wconf 75' lang='lat' dir='ltr'><strong>commendatur,</strong></span> <span class='ocrx_word' id='word_1_223' title='bbox 579 2970 659 3048; x_wconf 91' lang='lat' dir='ltr'><strong>quod</strong></span> <span class='ocrx_word' id='word_1_224' title='bbox 686 2972 757 3050; x_wconf 93' lang='lat' dir='ltr'><strong>post</strong></span> <span class='ocrx_word' id='word_1_225' title='bbox 783 2972 847 3030; x_wconf 91' lang='grc'><strong>440</strong></span> <span class='ocrx_word' id='word_1_226' title='bbox 876 2971 909 3032; x_wconf 90' lang='lat' dir='ltr'><strong>et</strong></span> <span class='ocrx_word' id='word_1_227' title='bbox 931 2970 1119 3050; x_wconf 87' lang='lat' dir='ltr'><strong>aptissimum</strong></span> <span class='ocrx_word' id='word_1_228' title='bbox 1139 2971 1239 3032; x_wconf 88' lang='lat' dir='ltr'><strong>loeum</strong></span> <span class='ocrx_word' id='word_1_229' title='bbox 1261 2991 1370 3034; x_wconf 85' lang='lat' dir='ltr'><strong>versus</strong></span> 
     </span>
     <span class='ocr_line' id='line_1_26' title="bbox 261 3057 1371 3154; baseline 0.003 -19"><span class='ocrx_word' id='word_1_230' title='bbox 261 3073 353 3136; x_wconf 88' lang='lat' dir='ltr'><strong>habet</strong></span> <span class='ocrx_word' id='word_1_231' title='bbox 381 3091 479 3153; x_wconf 91' lang='lat' dir='ltr'><strong>neque</strong></span> <span class='ocrx_word' id='word_1_232' title='bbox 507 3089 582 3152; x_wconf 90' lang='lat' dir='ltr'><strong>opus</strong></span> <span class='ocrx_word' id='word_1_233' title='bbox 606 3073 654 3133; x_wconf 89' lang='lat' dir='ltr'><strong>est</strong></span> <span class='ocrx_word' id='word_1_234' title='bbox 675 3090 729 3152; x_wconf 87' lang='lat' dir='ltr'><strong>pro</strong></span> <span class='ocrx_word' id='word_1_235' title='bbox 751 3073 853 3135; x_wconf 83' lang='lat' dir='ltr'><strong>iubeas</strong></span> <span class='ocrx_word' id='word_1_236' title='bbox 876 3093 893 3132; x_wconf 92' lang='lat' dir='ltr'><strong>e</strong></span> <span class='ocrx_word' id='word_1_237' title='bbox 915 3073 1091 3136; x_wconf 88' lang='lat' dir='ltr'><strong>Monaeensi</strong></span> <span class='ocrx_word' id='word_1_238' title='bbox 1110 3057 1216 3154; x_wconf 81' lang='lat' dir='ltr'><strong>reponi</strong></span> <span class='ocrx_word' id='word_1_239' title='bbox 1236 3075 1371 3152; x_wconf 75' lang='grc' dir='ltr'><strong>1101110ος</strong></span> 
     </span>
     <span class='ocr_line' id='line_1_27' title="bbox 261 3175 1369 3255; baseline 0.005 -18"><span class='ocrx_word' id='word_1_240' title='bbox 261 3176 368 3237; x_wconf 90' lang='lat' dir='ltr'><strong>horum</strong></span> <span class='ocrx_word' id='word_1_241' title='bbox 394 3175 574 3238; x_wconf 88' lang='lat' dir='ltr'><strong>senteutiam</strong></span> <span class='ocrx_word' id='word_1_242' title='bbox 596 3177 685 3236; x_wconf 83' lang='lat' dir='ltr'><strong>amnt</strong></span> <span class='ocrx_word' id='word_1_243' title='bbox 711 3175 763 3255; x_wconf 86' lang='lat' dir='ltr'><strong>qui</strong></span> <span class='ocrx_word' id='word_1_244' title='bbox 783 3176 925 3255; x_wconf 88' lang='lat' dir='ltr'><strong>probent,</strong></span> <span class='ocrx_word' id='word_1_245' title='bbox 946 3197 985 3238; x_wconf 91' lang='lat' dir='ltr'><strong>ne</strong></span> <span class='ocrx_word' id='word_1_246' title='bbox 1005 3178 1167 3240; x_wconf 79' lang='grc'><strong>10141462</strong></span> <span class='ocrx_word' id='word_1_247' title='bbox 1187 3183 1304 3242; x_wconf 85' lang='grc'><strong>01464</strong></span> <span class='ocrx_word' id='word_1_248' title='bbox 1325 3180 1369 3242; x_wconf 90' lang='lat' dir='ltr'><strong>ni-</strong></span> 
     </span>
     <span class='ocr_line' id='line_1_28' title="bbox 261 3279 1370 3361; baseline -0.001 -20"><span class='ocrx_word' id='word_1_249' title='bbox 261 3280 339 3342; x_wconf 91' lang='lat' dir='ltr'><strong>mius</strong></span> <span class='ocrx_word' id='word_1_250' title='bbox 362 3279 475 3342; x_wconf 85' lang='lat' dir='ltr'><strong>existat</strong></span> <span class='ocrx_word' id='word_1_251' title='bbox 501 3279 719 3343; x_wconf 89' lang='lat' dir='ltr'><strong>sententiarum</strong></span> <span class='ocrx_word' id='word_1_252' title='bbox 744 3279 862 3356; x_wconf 88' lang='lat' dir='ltr'><strong>hiatus,</strong></span> <span class='ocrx_word' id='word_1_253' title='bbox 891 3299 959 3340; x_wconf 92' lang='lat' dir='ltr'><strong>oum</strong></span> <span class='ocrx_word' id='word_1_254' title='bbox 979 3281 1159 3360; x_wconf 87' lang='lat' dir='ltr'><strong>praesertim</strong></span> <span class='ocrx_word' id='word_1_255' title='bbox 1178 3281 1205 3342; x_wconf 90' lang='lat' dir='ltr'><strong>is</strong></span> <span class='ocrx_word' id='word_1_256' title='bbox 1228 3280 1370 3361; x_wconf 80' lang='lat' dir='ltr'><strong>quietim</strong></span> 
     </span>
     <span class='ocr_line' id='line_1_29' title="bbox 262 3380 1368 3463; baseline 0.002 -21"><span class='ocrx_word' id='word_1_257' title='bbox 262 3380 592 3460; x_wconf 86' lang='lat' dir='ltr'><strong>quadringentesimum</strong></span> <span class='ocrx_word' id='word_1_258' title='bbox 618 3381 843 3460; x_wconf 77' lang='lat' dir='ltr'><strong>sexagesimum</strong></span> <span class='ocrx_word' id='word_1_259' title='bbox 870 3383 1035 3443; x_wconf 87' lang='lat' dir='ltr'><strong>seeundum</strong></span> <span class='ocrx_word' id='word_1_260' title='bbox 1058 3384 1241 3463; x_wconf 87' lang='lat' dir='ltr'><strong>sequebatur</strong></span> <span class='ocrx_word' id='word_1_261' title='bbox 1259 3401 1368 3444; x_wconf 83' lang='lat' dir='ltr'><strong>versus</strong></span> 
     </span>
     <span class='ocr_line' id='line_1_30' title="bbox 261 3481 1369 3567; baseline 0.006 -26"><span class='ocrx_word' id='word_1_262' title='bbox 261 3499 322 3542; x_wconf 92' lang='lat' dir='ltr'><strong>non</strong></span> <span class='ocrx_word' id='word_1_263' title='bbox 341 3481 457 3543; x_wconf 89' lang='lat' dir='ltr'><strong>Valerii</strong></span> <span class='ocrx_word' id='word_1_264' title='bbox 478 3483 533 3557; x_wconf 86' lang='lat' dir='ltr'><strong>sit,</strong></span> <span class='ocrx_word' id='word_1_265' title='bbox 559 3482 614 3542; x_wconf 91' lang='lat' dir='ltr'><strong>sed</strong></span> <span class='ocrx_word' id='word_1_266' title='bbox 632 3482 785 3546; x_wconf 74' lang='lat' dir='ltr'><strong>italorum.</strong></span> <span class='ocrx_word' id='word_1_267' title='bbox 825 3502 884 3564; x_wconf 90' lang='lat' dir='ltr'><strong>qua</strong></span> <span class='ocrx_word' id='word_1_268' title='bbox 913 3485 1094 3563; x_wconf 80' lang='lat' dir='ltr'><strong>rogitatione</strong></span> <span class='ocrx_word' id='word_1_269' title='bbox 1119 3489 1153 3548; x_wconf 90' lang='lat' dir='ltr'><strong>et</strong></span> <span class='ocrx_word' id='word_1_270' title='bbox 1180 3486 1247 3567; x_wconf 91' lang='lat' dir='ltr'><strong>ipse</strong></span> <span class='ocrx_word' id='word_1_271' title='bbox 1269 3489 1369 3548; x_wconf 89' lang='lat' dir='ltr'><strong>motus</strong></span> 
     </span>
     <span class='ocr_line' id='line_1_31' title="bbox 262 3585 1369 3672; baseline 0.007 -28"><span class='ocrx_word' id='word_1_272' title='bbox 262 3603 346 3658; x_wconf 90' lang='lat' dir='ltr'><strong>sum,</strong></span> <span class='ocrx_word' id='word_1_273' title='bbox 374 3586 411 3644; x_wconf 93' lang='lat' dir='ltr'><strong>ut</strong></span> <span class='ocrx_word' id='word_1_274' title='bbox 434 3603 503 3644; x_wconf 89' lang='lat' dir='ltr'><strong>oum</strong></span> <span class='ocrx_word' id='word_1_275' title='bbox 524 3585 698 3648; x_wconf 88' lang='lat' dir='ltr'><strong>Weieherto</strong></span> <span class='ocrx_word' id='word_1_276' title='bbox 719 3587 864 3661; x_wconf 88' lang='lat' dir='ltr'><strong>faeerem;</strong></span> <span class='ocrx_word' id='word_1_277' title='bbox 886 3586 971 3648; x_wconf 89' lang='lat' dir='ltr'><strong>ouius</strong></span> <span class='ocrx_word' id='word_1_278' title='bbox 993 3587 1038 3648; x_wconf 89' lang='lat' dir='ltr'><strong>rei</strong></span> <span class='ocrx_word' id='word_1_279' title='bbox 1059 3607 1138 3649; x_wconf 87' lang='lat' dir='ltr'><strong>nune</strong></span> <span class='ocrx_word' id='word_1_280' title='bbox 1158 3609 1207 3650; x_wconf 91' lang='lat' dir='ltr'><strong>me</strong></span> <span class='ocrx_word' id='word_1_281' title='bbox 1226 3590 1369 3672; x_wconf 77' lang='lat' dir='ltr'><strong>paenitet</strong></span> 
     </span>
     <span class='ocr_line' id='line_1_32' title="bbox 261 3687 1371 3771; baseline 0.007 -23"><span class='ocrx_word' id='word_1_282' title='bbox 261 3704 332 3748; x_wconf 88' lang='lat' dir='ltr'><strong>nam</strong></span> <span class='ocrx_word' id='word_1_283' title='bbox 350 3705 418 3746; x_wconf 92' lang='lat' dir='ltr'><strong>eum</strong></span> <span class='ocrx_word' id='word_1_284' title='bbox 437 3687 527 3766; x_wconf 87' lang='lat' dir='ltr'><strong>paulo</strong></span> <span class='ocrx_word' id='word_1_285' title='bbox 556 3691 626 3750; x_wconf 91' lang='lat' dir='ltr'><strong>ante</strong></span> <span class='ocrx_word' id='word_1_286' title='bbox 646 3688 787 3750; x_wconf 88' lang='lat' dir='ltr'><strong>Medeam</strong></span> <span class='ocrx_word' id='word_1_287' title='bbox 809 3689 965 3768; x_wconf 79' lang='lat' dir='ltr'><strong>aufugisse</strong></span> <span class='ocrx_word' id='word_1_288' title='bbox 988 3693 1078 3769; x_wconf 86' lang='lat' dir='ltr'><strong>poeta</strong></span> <span class='ocrx_word' id='word_1_289' title='bbox 1098 3693 1281 3771; x_wconf 87' lang='lat' dir='ltr'><strong>narraverit,</strong></span> <span class='ocrx_word' id='word_1_290' title='bbox 1311 3693 1371 3756; x_wconf 88' lang='lat' dir='ltr'><strong>nisi</strong></span> 
     </span>
     <span class='ocr_line' id='line_1_33' title="bbox 261 3788 1371 3870; baseline 0.006 -21"><span class='ocrx_word' id='word_1_291' title='bbox 261 3788 402 3850; x_wconf 88' lang='lat' dir='ltr'><strong>Iasonem</strong></span> <span class='ocrx_word' id='word_1_292' title='bbox 437 3791 574 3850; x_wconf 90' lang='lat' dir='ltr'><strong>seeutum</strong></span> <span class='ocrx_word' id='word_1_293' title='bbox 609 3810 678 3852; x_wconf 90' lang='lat' dir='ltr'><strong>esse</strong></span> <span class='ocrx_word' id='word_1_294' title='bbox 703 3795 775 3852; x_wconf 91' lang='lat' dir='ltr'><strong>ante</strong></span> <span class='ocrx_word' id='word_1_295' title='bbox 800 3793 1003 3870; x_wconf 70' lang='lat' dir='ltr'><strong>significatam</strong></span> <span class='ocrx_word' id='word_1_296' title='bbox 1030 3797 1094 3870; x_wconf 87' lang='lat' dir='ltr'><strong>est,</strong></span> <span class='ocrx_word' id='word_1_297' title='bbox 1124 3796 1204 3857; x_wconf 88' lang='lat' dir='ltr'><strong>hune</strong></span> <span class='ocrx_word' id='word_1_298' title='bbox 1227 3796 1281 3858; x_wconf 89' lang='lat' dir='ltr'><strong>illa</strong></span> <span class='ocrx_word' id='word_1_299' title='bbox 1309 3814 1371 3858; x_wconf 94' lang='lat' dir='ltr'><strong>non</strong></span> 
     </span>
     <span class='ocr_line' id='line_1_34' title="bbox 256 3889 1369 3974; baseline 0.005 -20"><span class='ocrx_word' id='word_1_300' title='bbox 256 3893 364 3974; x_wconf 85' lang='lat' dir='ltr'><strong>potest</strong></span> <span class='ocrx_word' id='word_1_301' title='bbox 385 3889 503 3969; x_wconf 85' lang='lat' dir='ltr'><strong>alloqui.</strong></span> <span class='ocrx_word' id='word_1_302' title='bbox 542 3911 619 3973; x_wconf 86' lang='lat' dir='ltr'><strong>quae</strong></span> <span class='ocrx_word' id='word_1_303' title='bbox 641 3912 709 3955; x_wconf 89' lang='lat' dir='ltr'><strong>eum</strong></span> <span class='ocrx_word' id='word_1_304' title='bbox 729 3895 773 3956; x_wconf 88' lang='grc'><strong>114</strong></span> <span class='ocrx_word' id='word_1_305' title='bbox 795 3895 864 3973; x_wconf 77' lang='lat' dir='ltr'><strong>sint,</strong></span> <span class='ocrx_word' id='word_1_306' title='bbox 885 3896 1028 3958; x_wconf 89' lang='lat' dir='ltr'><strong>Lemairii</strong></span> <span class='ocrx_word' id='word_1_307' title='bbox 1050 3900 1231 3962; x_wconf 88' lang='lat' dir='ltr'><strong>sententiam</strong></span> <span class='ocrx_word' id='word_1_308' title='bbox 1245 3900 1369 3960; x_wconf 82' lang='grc'><strong>11101111-</strong></span> 
     </span>
     <span class='ocr_line' id='line_1_35' title="bbox 262 3992 1368 4084; baseline 0.005 -28"><span class='ocrx_word' id='word_1_309' title='bbox 262 3994 415 4076; x_wconf 88' lang='lat' dir='ltr'><strong>plioiorem</strong></span> <span class='ocrx_word' id='word_1_310' title='bbox 435 3992 529 4054; x_wconf 90' lang='lat' dir='ltr'><strong>multo</strong></span> <span class='ocrx_word' id='word_1_311' title='bbox 550 3994 710 4075; x_wconf 90' lang='lat' dir='ltr'><strong>minusque</strong></span> <span class='ocrx_word' id='word_1_312' title='bbox 724 3997 888 4060; x_wconf 85' lang='lat' dir='ltr'><strong>violentam</strong></span> <span class='ocrx_word' id='word_1_313' title='bbox 911 4019 991 4062; x_wconf 88' lang='lat' dir='ltr'><strong>nune</strong></span> <span class='ocrx_word' id='word_1_314' title='bbox 1011 4002 1158 4084; x_wconf 86' lang='lat' dir='ltr'><strong>praefero,</strong></span> <span class='ocrx_word' id='word_1_315' title='bbox 1177 4004 1248 4083; x_wconf 87' lang='lat' dir='ltr'><strong>post</strong></span> <span class='ocrx_word' id='word_1_316' title='bbox 1260 4021 1290 4062; x_wconf 85' lang='lat' dir='ltr'><strong>v.</strong></span> <span class='ocrx_word' id='word_1_317' title='bbox 1304 4004 1368 4062; x_wconf 79' lang='lat'><strong>462</strong></span> 
     </span>
     <span class='ocr_line' id='line_1_36' title="bbox 263 4095 1370 4186; baseline 0.007 -28"><span class='ocrx_word' id='word_1_318' title='bbox 263 4099 366 4158; x_wconf 91' lang='lat' dir='ltr'><strong>autem</strong></span> <span class='ocrx_word' id='word_1_319' title='bbox 385 4095 500 4158; x_wconf 88' lang='lat' dir='ltr'><strong>hiatum</strong></span> <span class='ocrx_word' id='word_1_320' title='bbox 521 4115 589 4156; x_wconf 91' lang='lat' dir='ltr'><strong>esse</strong></span> <span class='ocrx_word' id='word_1_321' title='bbox 612 4099 730 4174; x_wconf 88' lang='lat' dir='ltr'><strong>statuo,</strong></span> <span class='ocrx_word' id='word_1_322' title='bbox 757 4119 846 4180; x_wconf 91' lang='lat' dir='ltr'><strong>quem</strong></span> <span class='ocrx_word' id='word_1_323' title='bbox 867 4103 969 4165; x_wconf 89' lang='lat' dir='ltr'><strong>neseio</strong></span> <span class='ocrx_word' id='word_1_324' title='bbox 989 4122 1028 4166; x_wconf 86' lang='lat' dir='ltr'><strong>an</strong></span> <span class='ocrx_word' id='word_1_325' title='bbox 1048 4109 1139 4186; x_wconf 89' lang='lat' dir='ltr'><strong>poeta</strong></span> <span class='ocrx_word' id='word_1_326' title='bbox 1157 4104 1223 4184; x_wconf 91' lang='lat' dir='ltr'><strong>ipse</strong></span> <span class='ocrx_word' id='word_1_327' title='bbox 1244 4103 1370 4183; x_wconf 83' lang='lat' dir='ltr'><strong>explere</strong></span> 
     </span>
     <span class='ocr_line' id='line_1_37' title="bbox 261 4199 1371 4285; baseline 0.009 -27"><span class='ocrx_word' id='word_1_328' title='bbox 261 4199 399 4261; x_wconf 89' lang='lat' dir='ltr'><strong>noluerit.</strong></span> <span class='ocrx_word' id='word_1_329' title='bbox 430 4218 558 4281; x_wconf 90' lang='lat' dir='ltr'><strong>namque</strong></span> <span class='ocrx_word' id='word_1_330' title='bbox 582 4218 676 4261; x_wconf 83' lang='lat' dir='ltr'><strong>versu</strong></span> <span class='ocrx_word' id='word_1_331' title='bbox 697 4202 760 4263; x_wconf 82' lang='grc'><strong>467</strong></span> <span class='ocrx_word' id='word_1_332' title='bbox 784 4203 811 4262; x_wconf 89' lang='lat' dir='ltr'><strong>si</strong></span> <span class='ocrx_word' id='word_1_333' title='bbox 842 4203 933 4264; x_wconf 92' lang='lat' dir='ltr'><strong>finem</strong></span> <span class='ocrx_word' id='word_1_334' title='bbox 954 4206 1026 4268; x_wconf 84' lang='lat' dir='ltr'><strong>feeit</strong></span> <span class='ocrx_word' id='word_1_335' title='bbox 1048 4207 1212 4285; x_wconf 79' lang='lat' dir='ltr'><strong>scribendi,</strong></span> <span class='ocrx_word' id='word_1_336' title='bbox 1234 4209 1371 4268; x_wconf 83' lang='lat' dir='ltr'><strong>extrema</strong></span> 
     </span>
     <span class='ocr_line' id='line_1_38' title="bbox 261 4302 1370 4392; baseline 0.009 -30"><span class='ocrx_word' id='word_1_337' title='bbox 261 4319 330 4362; x_wconf 89' lang='lat' dir='ltr'><strong>eum</strong></span> <span class='ocrx_word' id='word_1_338' title='bbox 351 4302 547 4364; x_wconf 86' lang='lat' dir='ltr'><strong>adumbrasse</strong></span> <span class='ocrx_word' id='word_1_339' title='bbox 563 4303 661 4383; x_wconf 83' lang='lat' dir='ltr'><strong>magis</strong></span> <span class='ocrx_word' id='word_1_340' title='bbox 684 4323 773 4385; x_wconf 91' lang='lat' dir='ltr'><strong>quam</strong></span> <span class='ocrx_word' id='word_1_341' title='bbox 789 4325 954 4392; x_wconf 78' lang='lat' dir='ltr'><strong>enarrasse¹</strong></span> <span class='ocrx_word' id='word_1_342' title='bbox 968 4327 1028 4370; x_wconf 88' lang='lat' dir='ltr'><strong>non</strong></span> <span class='ocrx_word' id='word_1_343' title='bbox 1042 4309 1228 4392; x_wconf 75' lang='lat' dir='ltr'><strong>inprobabile</strong></span> <span class='ocrx_word' id='word_1_344' title='bbox 1241 4309 1370 4372; x_wconf 83' lang='lat' dir='ltr'><strong>uidetur.</strong></span> 
     </span>
    </p>
   </div>
   <div class='ocr_carea' id='block_1_5' title="bbox 0 0 1548 4968">
    <p class='ocr_par' dir='ltr' id='par_1_5' title="bbox 0 0 1548 4968">
     <span class='ocr_line' id='line_1_39' title="bbox 0 0 1548 4968; baseline 0 1"><span class='ocrx_word' id='word_1_345' title='bbox 0 0 1548 4968; x_wconf 95' lang='lat' dir='ltr'><strong> </strong></span> 
     </span>
    </p>
   </div>
  </div>
 </body>
</html>
