3072 4974
672 445 694 485 0.
710 444 818 486 mum
832 443 933 486 FLACGI

326 593 469 678 ,Danubii
492 593 680 678 viridemque
700 596 806 660 vident
827 598 898 660 ante
921 597 1001 659 ostia
1021 597 1150 678 Peucen,

335 697 500 778 ultimaque
522 699 713 778 adgnoscunt
732 699 828 780 Argoi
850 718 962 762 eornua
980 701 1059 764 meli.

335 803 400 862 tum
422 820 495 864 vero
516 803 675 864 elamorem
697 822 800 865 omnes
822 803 999 883 inimicaque
1020 805 1132 866 tollunt
1294 810 1359 871 295

335 904 459 984 gaudia,
480 906 545 966 tum
567 906 690 985 gravior
709 906 800 967 remis
821 907 939 987 fragor,
961 909 996 968 ut
1015 909 1120 988 proeul
1142 907 1228 990 Argo

334 1006 402 1069 visa
421 1006 510 1084 uiris,
532 1026 682 1090 unamque
703 1011 813 1090 petunt
834 1011 937 1071 rostra
958 1010 1057 1073 omnia
1078 1030 1219 1094 puppem.
1301 1000 1304 1005 ’

334 1110 474 1192 princeps
492 1110 631 1174 navalem
652 1111 758 1174 nodosi
779 1112 896 1174 roboris
917 1130 1028 1177 uncum

336 1213 442 1295 arripit
466 1216 498 1275 et
519 1215 611 1294 lunga
632 1211 744 1296 Styrus
768 1218 945 1297 prospeotat
963 1216 1000 1277 ab
1021 1217 1112 1293 unda,

335 1317 475 1396 coniugio
498 1319 588 1396 etque
609 1318 720 1380 iterum
743 1337 873 1399 sponsae
894 1319 1065 1382 flammatus
1089 1338 1197 1382 amore,
1293 1323 1359 1385 300

216 1489 222 1504 ,
333 1422 453 1502 iamque
475 1417 526 1482 alii
548 1419 659 1502 elipeos
682 1423 715 1482 et
734 1422 795 1483 tela
814 1422 943 1484 trabalia
967 1422 1085 1484 dextris

334 1524 517 1606 expediunt,
539 1526 656 1586 armant
678 1522 728 1586 alii
751 1524 826 1606 pisis
847 1524 983 1604 unguine
1002 1525 1147 1590 flammas.

333 1627 483 1708 inpatiens
505 1626 607 1690 tremit
627 1628 716 1690 hasta
736 1645 853 1706 morae,
878 1645 935 1688 nae
952 1629 1074 1708 lougius
1095 1627 1182 1706 inter,

334 1749 423 1812 quam
443 1731 522 1812 quod
546 1731 608 1792 tela
623 1732 716 1807 vetat,
739 1737 880 1813 superest
902 1713 993 1792 mare:
1007 1731 1131 1792 vocibus
1153 1732 1287 1812 urguent

332 1834 449 1896 interea
470 1837 502 1894 et
523 1832 651 1914 pedibus
673 1833 797 1915 puls'ant
818 1833 954 1894 tabulata
973 1833 1145 1895 frementes.
1292 1835 1355 1896 305

399 1965 476 2030 (tum
494 1965 609 2028 subitas
630 1965 734 2028 videre
753 1967 837 2028 rates
858 1966 1036 2047 vibrataque
1057 1966 1186 2034 fiammis

294 2129 297 2137 .
333 2087 479 2150 aequora,
500 2087 560 2133 nou
579 2087 641 2132 una
658 2067 782 2150 Minyae
803 2069 959 2132 formidine
981 2072 1121 2149 surgunt,

333 2173 451 2256 primus
472 2176 504 2234 et
525 2172 556 2234 in
574 2192 705 2254 puppem
727 2173 849 2236 deserta
872 2172 991 2252 virgins
1011 2173 1118 2236 duntur

332 2278 452 2360 prosilit
473 2279 505 2337 et
527 2293 644 2339 summa
666 2276 785 2355 galeam
805 2276 885 2358 rapit
904 2277 984 2338 altus
1007 2278 1045 2337 ab
1065 2276 1161 2354 hasta,

332 2400 406 2442 ense
426 2380 514 2441 simul
536 2379 691 2460 clipeoque
714 2379 821 2454 micat3
842 2398 898 2440 nee
919 2381 1021 2440 cetera
1042 2380 1139 2460 pubes
1290 2381 1357 2439 310

332 2483 456 2563 segnius
478 2482 612 2564 adreptis
633 2482 772 2544 inlitora
793 2482 930 2544 constitit
949 2484 1051 2545 annia

331 2590 364 2650 at
385 2587 439 2648 tibi
461 2603 539 2666 quae
563 2586 712 2646 scelerum
730 2585 838 2661 metes,
858 2585 981 2664 Medea,
1003 2585 1144 2646 tuorum?

331 2688 438 2768 quista
459 2688 557 2770 pudor
577 2685 704 2750 Colchos
722 2687 833 2748 iterum
852 2688 1036 2768 fratremque
1058 2686 1174 2750 ridenti

325 2789 475 2873 'quidquid
498 2794 529 2854 et
551 2790 701 2853 absuisum
721 2798 810 2852 vasto
833 2790 893 2852 iam
909 2794 978 2854 tuta
999 2789 1147 2872 profundo

328 2895 517 2961 tradideras?
540 2913 613 2974 ergo
635 2893 767 2955 infausta
788 2913 857 2956 sese
879 2895 989 2956 oeenlit
1007 2897 1106 2970 anuo,
1285 2895 1351 2955 315

328 3019 389 3062 nou
408 2998 489 3060 aliud
509 3016 599 3078 quam
621 3003 704 3058 eerta
724 2996 818 3073 mori,
839 3015 894 3058 seu
915 3016 1003 3059 sarus
1024 2996 1127 3072 Iason,

327 3124 383 3166 seu
402 3103 496 3165 stater
518 3097 611 3163 Graia
630 3099 731 3163 rietus
753 3100 912 3162 eeeidisset
934 3100 971 3163 ab
994 3101 1091 3162 hasta.

391 3233 484 3298 Haud
506 3235 551 3297 itu
571 3234 626 3296 sed
649 3251 765 3295 summo
787 3233 891 3312 segnis
914 3234 1001 3295 sedet
1021 3233 1144 3293 aedera
1166 3229 1253 3306 Iuno,

327 3343 381 3406 aut
401 3338 473 3400 sinit
494 3342 631 3400 extrema
651 3335 776 3419 Minyas
798 3336 962 3398 decernere
983 3353 1096 3417 pugna,

325 3462 383 3510 uae
403 3461 529 3506 numeru
543 3437 692 3521 'quoniam
715 3439 849 3516 Colchis,
868 3458 925 3502 neu
945 3439 1097 3522 puppibus
1120 3455 1240 3518 aequos.
1286 3441 1352 3501 320

239 3599 493 3618 ΡΜ

341 3685 391 3734 033
407 3681 519 3734 Danuuii
534 3683 559 3731 V
606 3679 763 3744 uiridemque
781 3679 826 3730 M:
844 3676 1027 3741 uirilegemque
1040 3678 1078 3729 V.
1114 3681 1164 3727 299
1183 3677 1355 3742 prospetatV

237 3773 288 3822 300
306 3767 429 3834 Coniugis
440 3768 559 3816 Bantius
575 3768 629 3815 adu.
650 3763 748 3815 Xivd
799 3767 849 3812 303
869 3766 968 3814 arment
985 3763 1025 3814 M:
1044 3765 1129 3814 amant
1147 3764 1172 3813 V
1216 3761 1282 3826 pinis
1301 3776 1351 3812 un·

237 3856 314 3925 guina
336 3865 369 3920 ψε
388 3852 441 3918 pici
459 3851 582 3917 sanguiue
604 3851 630 3901 V
697 3854 746 3900 303
767 3863 839 3898 mora
857 3849 917 3897 ΑΜ.
993 3846 1071 3912 inter]
1091 3846 1149 3898 inde
1167 3849 1289 3898 Heinsius

236 3947 292 3994 300
305 3940 414 4008 pedipus
432 3941 458 3992 V
524 3941 574 3988 307
593 3949 657 3985 vana
672 3935 703 3985 L.
723 3935 799 3984 Baldo
812 3941 947 3995 praeeunte
963 3935 1085 3984 Heinsius
1155 3935 1204 3984 303
1222 3931 1293 3995 rapit
1305 3933 1352 3984 M:

235 4031 311 4096 rapat
333 4028 358 4079 V
437 4029 486 4075 310
506 4021 584 4073 oculit
606 4022 633 4072 V
704 4023 753 4072 310
771 4018 835 4069 aliut
857 4021 882 4069 Υ
968 4023 1019 4068 318
1036 4017 1114 4068 Haud
1130 4017 1167 4067 ita
1186 4033 1232 4068 nee
1250 4033 1350 4070 summo

235 4115 266 4166 L.
287 4115 394 4172 numu,
426 4125 495 4172 quem
522 4115 619 4158 nentur
644 4113 680 4154 est
702 4105 861 4153 Burmannus
884 4107 920 4153 itu
943 4101 1099 4168 distinguant
1122 4101 1200 4152 Haud
1222 4103 1272 4154 ita:
1300 4117 1350 4154 usu

235 4214 332 4252 summo
351 4214 370 4248 a.
387 4211 410 4258 q.
424 4213 455 4257 a,
476 4195 597 4258 Viderat,
615 4195 643 4244 ut
663 4205 760 4240 summo
779 4193 817 4239 uel
833 4187 906 4239 Vidit
924 4193 949 4238 et
965 4188 1034 4238 haud
1052 4204 1149 4240 summo
1168 4191 1289 4238 Hnnsiua

235 4285 306 4336 sedet
323 4299 359 4333 m:
378 4281 422 4333 sed
442 4283 467 4331 V
534 4285 582 4328 310
602 4275 678 4328 Haud
696 4277 787 4324 MBon.
861 4279 910 4322 320
931 4273 1059 4337 quoniam]
1079 4288 1182 4322 cernens
1199 4274 1276 4332 Aba,
1294 4271 1348 4322 iam

235 4372 287 4420 iam
310 4370 447 4433 qunnrua
