3110 4972
556 425 777 472 mannhuncon
806 429 892 472 umas
905 429 934 470 v.
1236 407 1300 474 137

273 577 522 643 Heronhs'arma
544 579 643 656 viros3
666 599 766 662 vagus
787 582 843 644 hos
864 581 905 643 ibi
922 580 1032 644 fixerat
1054 600 1145 646 error.
1233 585 1295 646 115

273 688 309 746 ut
330 682 454 748 Graiam
476 683 581 746 videre
603 702 725 746 manum
745 704 936 766 puppemque
955 684 1127 765 Pelasgum,

274 787 371 869 prima
391 789 485 850 ruunt
507 787 622 848 eeleres
644 787 683 850 ad
704 787 793 849 litora
813 807 905 869 seque
926 790 1089 869 precantur

275 890 423 972 aooipiant
445 890 550 953 soeios.
594 908 680 952 nova
694 889 759 952 dux
782 891 924 952 assedere
946 893 1060 971 gaudet

274 993 395 1056 nomina
416 995 555 1054 desertos
576 995 609 1054 st
626 991 763 1056 iamsibi
785 1011 907 1056 currere
927 1012 1035 1056 remos.

274 1096 384 1158 transit
406 1095 506 1176 Halys
528 1095 687 1174 longisque
709 1095 806 1156 fluens
828 1097 1010 1160 anfraotibus
1031 1097 1091 1160 Iris
1232 1108 1295 1166 120

275 1220 428 1280 saevaque
449 1197 639 1262 Thermodon
660 1196 845 1284 mediolsale
866 1219 1020 1264 murmura
1041 1204 1175 1284 volvens,

275 1299 410 1364 Gradivo
430 1320 516 1364 saeer
536 1302 568 1362 et
590 1299 694 1381 spoliis
716 1299 882 1364 ditissimus
904 1305 1010 1382 amnis,

275 1407 368 1468 donat
389 1424 497 1486 equos,
521 1404 613 1466 donat
634 1406 722 1465 votas
742 1404 791 1465 oui
811 1405 899 1485 virgo
920 1397 1050 1488 securas,

276 1529 343 1572 oum
362 1509 442 1572 redit
462 1505 580 1586 ingenti
600 1525 656 1587 per
678 1504 790 1588 Caspia
810 1508 943 1572 elaustra
963 1512 1124 1594 triumpho,

275 1611 472 1691 Massageten
490 1607 672 1689 Medumque
694 1610 823 1672 trahens.
868 1616 917 1676 est
937 1631 1011 1676 vera
1032 1634 1168 1697 propago
1233 1621 1295 1681 125

276 1713 450 1796 sanguinis,
471 1715 519 1774 est
539 1711 605 1774 ollis
628 1711 748 1790 genitor
767 1714 850 1776 deus.
894 1714 963 1778 hine
981 1718 1080 1798 magis
1106 1721 1189 1782 alta¹

276 1817 482 1880 Haemonidae
503 1818 609 1898 petere
631 1818 664 1876 et
684 1815 815 1879 monitus
836 1837 897 1880 non
918 1821 1053 1883 temnere
1075 1821 1188 1886 Phinei.

276 1923 342 2005 ipse
364 1923 466 1983 autem
488 1897 636 1981 uomitum'
650 1937 815 1981 conversus
838 1923 877 1984 ad
898 1941 952 1984 ora
972 1943 1119 1987 novorum

271 2017 340 2087 ‘vos
361 2022 433 2084 mihi
453 2041 534 2084 nune
554 2013 682 2103 pugnas'
706 2022 750 2084 ait
766 2014 812 2084 ‘et
833 2018 974 2088 viatrieia'
996 2028 1103 2090 ductor

272 2120 425 2188 ‘Herculis
447 2144 531 2188 arma
552 2124 613 2188 mei
634 2125 815 2204 vestrasque
836 2127 973 2192 inlitora
994 2129 1102 2200 Martis
1234 2139 1297 2198 130

276 2230 392 2291 interea
412 2221 576 2291 memorate
599 2219 721 2289 manus.>
767 2228 810 2291 sio
831 2232 912 2293 fatus
934 2235 966 2294 et
988 2252 1081 2316 aegro

277 2333 366 2394 eorde
388 2333 480 2394 silens
503 2331 587 2393 audit
607 2349 714 2392 currus
736 2331 865 2414 bellique
886 2336 1005 2398 labores

276 2435 422 2516 virginei,
444 2433 590 2496 exciderit
610 2432 702 2494 irenis
725 2453 802 2514 quae
823 2436 920 2517 prima
936 2440 1081 2519 remissis,

279 2538 482 2600 semianimem
502 2536 619 2618 patrius
641 2555 730 2616 quam
754 2540 874 2602 vexerit
896 2543 993 2604 amnis
1016 2544 1049 2604 in
1070 2563 1190 2628 aequor,

278 2661 354 2724 quae
374 2635 457 2723 pella
478 2641 560 2702 latus
579 2639 678 2718 adque
703 2660 823 2704 umeros
842 2645 956 2708 nudata
975 2648 1125 2729 pharetris
1236 2656 1297 2716 135

276 2745 390 2826 fugerit
410 2745 579 2806 Herculeae
599 2762 672 2803 mox
693 2743 818 2806 vulnere
838 2767 949 2829 prensa
971 2751 1109 2832 sagittae,

278 2852 372 2930 utque
394 2847 582 2927 securigeras
606 2846 806 2910 stimulaverit
826 2849 878 2913 Ina
900 2853 1039 2914 catervas

278 2952 464 3030 fleturusque
484 2951 588 3032 pater,
609 2951 740 3030 quantus
763 2953 840 3014 duee
861 2957 960 3016 terror
980 2955 1012 3016 in
1031 2957 1106 3039 ipsa,

279 3054 331 3136 qni
351 3041 435 3115 i‘uror
455 3053 487 3113 in
509 3051 619 3132 signis,
643 3072 701 3132 quo
723 3053 842 3116 balteus
864 3058 974 3119 arserit
995 3077 1076 3122 auro.

345 3187 442 3249 Nocte
462 3187 517 3248 sub
540 3186 677 3248 extrema
698 3185 807 3247 clausis
831 3187 947 3248 telluris
969 3190 1007 3251 ab
1028 3193 1123 3255 antris
1238 3205 1301 3265 140

279 3289 409 3372 pervigil
432 3289 553 3351 auditur
575 3285 744 3372 Chalybum
765 3289 863 3365 labor;
886 3309 970 3352 arma
991 3293 1122 3376 fatigant

279 3395 442 3469 ruricolae,
463 3391 612 3468 Gradive,
633 3390 694 3466 tui;
714 3393 802 3452 sonat
823 3393 875 3456 illa
896 3395 1004 3456 orsat‘

300 3670 349 3716 115
369 3666 417 3718 hos
433 3667 554 3719 defixerat
571 3671 634 3718 Bon.
742 3666 1002 3736 11e=Perasgamo0
1107 3676 1156 3725 120
1173 3675 1247 3744 halys
1264 3695 1304 3732 m:

194 3750 271 3819 halyx
292 3753 323 3812 V,
345 3750 403 3819 elyx
422 3755 456 3804 Μ
520 3753 675 3806 anfractibus
696 3761 749 3819 apr:
771 3753 937 3803 autfractibus
959 3755 989 3813 V,
1009 3753 1170 3810 amfractibus
1188 3764 1223 3812 Μ
1265 3807 1268 3812 .

197 3842 245 3887 121
265 3837 433 3888 thermodoon
457 3839 483 3889 V
554 3852 683 3888 murmura
700 3853 741 3888 m:
759 3853 886 3889 murmure
907 3842 932 3892 V
1034 3847 1083 3892 123
1101 3848 1174 3895 notes
1192 3863 1217 3896 m

197 3927 246 3973 125
265 3923 428 3987 Massageten
445 3924 542 3974 OPiuo:
559 3924 722 3987 Messageton
743 3926 774 3984 V,
796 3924 968 3990 Messagstum
986 3945 1009 3976 m
1096 3927 1243 3995 medumque
1263 3949 1303 3984 m:

195 4005 353 4072 mediumque
376 4008 401 4058 V
504 4013 552 4059 131
573 4013 725 4061 memoratae
746 4013 771 4062 V
872 4011 1136 4062 134uexeritamnis
1158 4014 1303 4082 insequor

197 4095 231 4143 0:
249 4093 372 4157 sangiune
389 4093 488 4144 uexerit
509 4093 591 4144 amnis
613 4095 661 4160 Vup
764 4101 812 4148 135
830 4099 948 4148 humeros
966 4110 1006 4147 m:
1028 4096 1121 4146 umeris
1143 4099 1172 4158 V,
1191 4099 1302 4154 humeris
1327 4161 1330 4168 Δ

196 4181 230 4230 Μ
332 4185 380 4230 133
399 4179 463 4236 Quis
482 4182 515 4231 Μ
596 4178 706 4243 insignis
725 4182 758 4231 M
871 4186 920 4232 110
939 4180 1024 4232 reneis
1042 4183 1200 4234 Romaanus

199 4269 247 4315 141
265 4263 380 4331 delphum
403 4267 429 4316 V
547 4269 595 4315 112
614 4263 736 4327 gradiuue
758 4268 783 4316 V
855 4268 928 4317 sonat
947 4273 987 4332 ψι
1004 4265 1089 4317 isonat
1111 4269 1141 4330 V,
1158 4269 1259 4323 msenst
1273 4275 1307 4324 Μ

197 4349 235 4414 (in
248 4358 306 4413 post
324 4351 450 4416 deletum),
470 4353 541 4402 tonat
557 4352 716 4402 Bursaonum
