3086 4968
247 413 382 461 mvm
692 420 918 461 Pnounscmcn

245 587 365 666 proiice·
383 605 457 647 voce
467 587 503 648 of.
518 586 586 648 Val.
601 587 631 648 V
646 589 708 648 104
732 587 821 671 hropi
838 587 972 650 maome
990 592 1109 670 procer
1129 591 1219 655 cordo
1235 627 1280 638 --
1296 597 1360 658 243

250 707 320 750 orso
338 686 444 767 ferum
472 689 663 752 scribendum
694 692 749 752 est.
789 691 826 751 of.
848 689 878 752 V
897 694 962 752 471
982 692 1060 754 totio
1083 697 1212 758 miranti
1231 697 1363 780 proptor

249 791 322 854 tulit
341 811 412 854 oron
432 797 566 874 tyranno.
586 793 637 838 -'
653 796 716 855 294
736 796 881 857 memo
899 813 918 854 e
935 795 1016 856 libro
1031 794 1184 858 Oarriouis
1205 799 1307 880 recepi
1327 803 1363 862 et

241 891 330 972 forti
350 894 437 956 elicui
453 895 592 976 efrontis,
613 897 756 958 librorum
774 898 926 960 memoria.
946 896 1071 977 furtum
1093 901 1195 960 autem
1215 901 1361 982 intellego

252 995 406 1059 callidmn'
422 998 497 1060 illud
527 1002 741 1080 commentum,
776 1020 836 1081 quo
862 1000 1037 1082 Hypsipyle
1065 1001 1210 1092 subduxit
1240 1003 1362 1084 quidem

250 1101 369 1181 patrem
390 1101 453 1164 irae
473 1101 686 1180 Lemniadum,
712 1103 897 1165 luculentum
918 1105 1012 1166 edens
1034 1103 1157 1186 pietatis
1179 1107 1363 1189 exemplum,

251 1203 307 1262 sed
328 1203 481 1266 Venerem
508 1205 597 1267 laesit
616 1205 749 1267 Lemniis
771 1204 880 1266 merito
909 1207 1025 1269 metam.
1066 1207 1103 1268 cf.
1124 1225 1154 1268 u.
1178 1210 1238 1269 281
1261 1211 1361 1291 bosom

252 1305 281 1383 (i
296 1324 324 1366 c.
345 1306 551 1390 Hypsipylen)
571 1307 722 1387 frondete
752 1308 854 1370 turbet
873 1309 994 1392 Mitys.
1031 1311 1062 1371 id
1083 1309 1198 1372 furtum
1217 1315 1362 1375 motorum

252 1405 329 1471 dixit
350 1414 454 1490 poeta,
474 1430 533 1490 quo
554 1410 695 1472 effectum
717 1413 816 1487 esset,
840 1411 876 1472 ut
895 1410 1069 1493 Hypsipyle
1088 1413 1206 1493 patrem
1226 1415 1293 1476 sive
1312 1435 1362 1476 re-

251 1510 362 1574 timeret
372 1515 439 1576 sive
451 1515 551 1576 lacero
563 1512 684 1594 nevigio
703 1513 903 1576 committeret
921 1515 954 1575 in
974 1516 1086 1576 certem
1096 1519 1225 1578 mortem
1239 1517 1362 1580 mittere

252 1613 414 1679 videretur.
429 1654 471 1664 —
496 1621 569 1694 439,
592 1619 642 1699 qui
660 1637 769 1680 versus
786 1619 843 1680 uix
864 1619 922 1680 dici
937 1619 1041 1701 potest
1063 1621 1249 1700 quantopere
1268 1621 1361 1682 inter-

250 1721 353 1798 pretes
382 1721 556 1796 vexaverit,
584 1721 642 1783 iam
674 1721 706 1782 in
727 1721 880 1785 Carrionis
909 1723 985 1784 libro
1006 1722 1122 1784 Valerii
1142 1727 1250 1784 manus
1271 1723 1360 1785 resti·

251 1823 318 1883 tute
341 1826 396 1885 est
428 1843 498 1886 nam
518 1831 599 1890 cotes
621 1845 696 1898 voce
717 1825 858 1887 adiectivi
877 1825 942 1887 leco
963 1829 1053 1908 poeta
1070 1845 1146 1888 usus
1169 1831 1224 1888 est
1257 1827 1360 1889 verbis

251 1929 352 1987 autem
371 1947 449 2008 quae
473 1931 545 1990 sunt
562 1929 702 1992 bootem
721 1933 754 1992 in
767 1930 897 2013 populos
910 1927 1045 2011 diemque
1060 1931 1154 1992 metro
1171 1949 1257 1992 mooe
1269 1928 1360 1991 Vele-

251 2029 314 2091 rius
334 2031 420 2109 dixit,
439 2033 636 2114 pluraquam
655 2034 743 2094 modo
766 2033 804 2094 de
818 2031 907 2095 samo
929 2031 1029 2092 insula
1046 2035 1201 2094 narrasset
1214 2033 1247 2093 in
1261 2035 1361 2095 lucem

252 2129 373 2196 senon
400 2139 622 2216 protracturum
653 2155 729 2197 esse.
748 2173 792 2183 -
820 2138 883 2197 454
906 2155 950 2215 sq.
978 2135 1136 2213 ingenioso
1162 2135 1283 2218 quidem
1311 2140 1362 2199 est
1420 2168 1423 2173 ·
1531 2126 1539 2130 ''

250 2231 440 2320 Peerlkampi
476 2239 648 2302 coniectura¹
671 2259 825 2322 uocemque
852 2242 998 2302 comatur.
1045 2237 1265 2317 Venetorum,
1296 2243 1361 2303 mm

251 2342 346 2418 certo,
366 2345 465 2421 occet,
481 2344 538 2406 sed
559 2341 620 2406 non
638 2343 817 2406 necessarie
846 2345 928 2406 oooo's
948 2344 1007 2404 iter
1026 2343 1107 2403 enim
1123 2344 1174 2401 est
1191 2342 1279 2421 regio
1300 2361 1362 2424 qua

250 2438 403 2505 Hesionae
415 2465 478 2507 vox
489 2448 530 2508 cd
543 2465 632 2508 aures
648 2446 789 2507 Herculis
799 2448 996 2527 pervenerat,
1015 2444 1093 2526 quod
1105 2447 1232 2506 coruom
1247 2445 1360 2508 audac·

253 2546 299 2606 ter
332 2551 424 2627 poeta
454 2549 547 2625 dixit,
580 2548 651 2628 quie
683 2549 755 2610 litus
789 2548 942 2609 desertum
973 2549 1046 2608 erat
1074 2581 1117 2590 —-
1140 2549 1205 2608 517
1236 2549 1361 2612 neodem

250 2643 392 2718 librorum
415 2647 593 2732 scripturam
612 2649 671 2712 non
690 2669 795 2712 senem
818 2668 885 2710 esse
907 2669 975 2711 cum
992 2648 1117 2710 Heinsio
1141 2653 1173 2710 et
1186 2649 1360 2713 Burmanno

250 2749 510 2832 Eyssenhardtius
531 2756 608 2817 vidit
629 2759 661 2816 et
681 2753 801 2834 scripsit
821 2753 840 2813 l.
858 2753 876 2812 l.
894 2773 922 2832 p.
937 2755 999 2814 386
1020 2755 1104 2836 piceo
1124 2774 1186 2817 noc
1198 2755 1270 2818 daeo
1282 2757 1362 2817 tecet

249 2858 349 2918 omnio
364 2859 448 2920 -ooeto
470 2858 551 2936 (nam
572 2860 651 2922 coeli
670 2856 847 2939 typothetae
867 2854 974 2916 vitium
997 2860 1066 2932 est),
1087 2874 1162 2916 usus
1181 2855 1250 2917 libri
1268 2856 1360 2937 primi

250 2977 342 3019 versu
364 2964 434 3022 617.
465 2981 525 3023 non
546 2961 690 3023 dissimile
713 2962 769 3036 est,
791 2958 869 3040 quod
890 2958 957 3038 ipse
972 2959 1128 3020 Valerium
1145 2960 1265 3022 dedisse
1288 2977 1356 3022 con·

249 3061 377 3124 iacerem
395 3085 456 3128 noo
468 3069 532 3127 tum
537 3087 548 3141 ,·
575 3065 655 3144 quod
676 3063 819 3144 praetuli,
841 3062 912 3143 quie
932 3061 1049 3124 Boreae
1069 3063 1116 3124 vis
1137 3061 1357 3142 significantius

249 3165 377 3229 describi
398 3169 571 3246 videbatur,
600 3168 626 3229 si
654 3169 797 3230 tenebrae
826 3167 908 3228 nocti
935 3167 1047 3228 similes
1068 3160 1105 3228 ea
1124 3165 1251 3228 effectae
1279 3165 1358 3228 dice-

248 3271 360 3332 rentur.
393 3275 527 3336 ceterum
554 3273 695 3334 Herculis
718 3268 840 3352 scopulo
861 3269 1073 3330 insilientiset
1093 3289 1176 3332 mere
1198 3269 1357 3347 turbantis,

249 3392 309 3434 non
339 3375 445 3438 beluae
466 3377 530 3454 vis,
556 3379 592 3438 ut
612 3374 871 3458 Eyssenhardtius
894 3359 1004 3448 uoluit,
1031 3391 1099 3432 oum
1117 3372 1217 3434 Borea
1239 3391 1357 3453 compa-

248 3479 340 3538 retur.
361 3511 405 3524 -
424 3499 547 3542 version
568 3482 630 3542 643
660 3480 757 3540 labem
787 3477 919 3540 traxisse
940 3474 1085 3538 Heinsius
1113 3479 1145 3538 et
1164 3475 1357 3538 Burmannus

247 3589 484 3661 perspexerunt3
502 3583 571 3645 libri
594 3583 671 3644 enim
693 3585 837 3665 longinque
857 3584 919 3644 torn
940 3580 1093 3672 exhibent,
1111 3598 1168 3660 pro
1186 3596 1245 3658 quo
1263 3577 1357 3639 Hein-

249 3681 312 3742 sius
334 3683 385 3743 vel
403 3685 505 3768 Lonpe
523 3689 585 3749 obet
602 3690 654 3749 ont
673 3688 723 3748 vel
744 3686 813 3748 Noc
834 3706 869 3748 eo
893 3688 955 3746 tom
975 3683 1026 3744 vel
1048 3682 1116 3746 Non
1138 3684 1184 3744 ito
1206 3683 1268 3743 iero
1288 3699 1357 3762 pro·

247 3786 364 3867 posuit;
397 3807 474 3868 quae
503 3790 691 3852 coniecturae
719 3807 822 3850 omnes
850 3787 1038 3849 reiectaneae
1067 3788 1153 3862 sunt,
1183 3785 1252 3866 quie
1279 3785 1358 3847 lueis

249 3909 317 3954 eone
344 3909 411 3952 oum
433 3894 558 3976 populis
586 3912 647 3953 non
667 3895 769 3974 potest
788 3891 888 3972 iungi3
916 3909 986 3952 nam
1013 3889 1156 3970 gentibus
1180 3888 1211 3948 in
1242 3887 1357 3950 oriente

247 3995 449 4057 habitantibus
472 3993 575 4077 Cyzici
600 4014 730 4075 regnum
758 4015 819 4058 non
845 3996 914 4056 erat
933 3992 1109 4074 impervium.
1145 3991 1177 4052 id
1198 4010 1258 4052 non
1277 3991 1358 4070 fugit

246 4095 470 4175 Burmannum,
494 4100 545 4181 qui
567 4097 630 4161 Nec
651 4100 716 4162 loeo
735 4102 797 4162 tom
815 4098 937 4180 scripsit
954 4098 988 4158 st
1006 4095 1053 4156 bis
1074 4095 1176 4156 verbis
1197 4093 1356 4175 explicuit:

242 4193 314 4262 ‘bon
338 4203 381 4264 ita
403 4206 518 4266 semota
543 4203 618 4264 haec
646 4207 678 4263 et
697 4221 754 4264 nec
777 4202 904 4264 difficilis
925 4199 1009 4261 aditu
1030 4197 1130 4276 regio,
1158 4217 1214 4259 nec
1239 4197 1357 4277 reliqua

244 4306 310 4366 loca
338 4307 376 4368 ad
406 4307 550 4372 orientem
578 4307 723 4390 impervie
747 4305 864 4389 populis
895 4307 926 4366 et
954 4301 1102 4382 gentibus.
1140 4300 1218 4382 quod
1240 4300 1356 4379 colligit

460 4522 1135 4938 '7an
