3132 4968
692 475 715 514 0.
731 474 837 515 venam
852 473 951 514 nancel

423 629 470 690 Tu
491 627 563 690 mihi
585 647 664 690 nuno
686 647 794 690 causas
816 628 995 710 infandaque
1017 628 1146 709 proelia,
1169 628 1244 707 Clio,
1334 633 1373 691 15

357 733 455 815 pande
477 732 590 806 virum3
614 731 668 793 tibi
689 731 768 793 euim
790 752 933 815 superum
952 731 1038 809 data,
1060 731 1163 812 virgo,
1183 732 1311 795 facultas

358 858 448 900 nosse
471 836 585 898 animos
606 854 766 915 rerumque
788 835 862 897 viae.
899 855 953 898 cur
974 836 1048 898 talia
1068 856 1179 918 passus

359 961 458 1017 arma,
480 941 550 1022 quid
571 937 708 1020 hospitiis
728 939 846 1002 iunctas
868 959 1045 1002 concurrere
1066 941 1191 1002 dextras

357 1042 511 1126 Iuppiter?
539 1045 618 1106 unde
640 1044 731 1106 tubae
751 1045 955 1125 nocturnaque
976 1043 1070 1105 movit
1090 1042 1223 1127 Erinys?

423 1176 575 1260 Dindyma
597 1177 771 1258 sanguineis
793 1178 935 1240 famulum
956 1178 1100 1240 bacchata
1119 1177 1241 1239 lacertis
1336 1181 1378 1239 20

362 1282 433 1343 dum
453 1280 567 1344 volueri
591 1282 686 1363 quatit
708 1301 799 1364 asper
819 1301 896 1363 equo
918 1281 1070 1362 silvasque
1091 1280 1198 1361 fatigat

362 1385 505 1468 Cyzicus,
530 1386 646 1466 ingenti
665 1385 794 1469 praedae
810 1386 954 1468 deeeptus
974 1405 1075 1448 amore

361 1490 521 1551 adsuetum
541 1489 862 1572 Phrygiasdominam
884 1492 1006 1553 vectare
1023 1509 1080 1573 per
1101 1491 1191 1551 urbes
1214 1557 1216 1562 ,

363 1593 513 1675 oppressit
536 1595 633 1657 iaculo
654 1597 832 1658 redeuutem
851 1596 890 1658 ad
910 1596 996 1658 frena
1015 1594 1141 1656 leonem.

362 1699 394 1758 et
414 1717 493 1760 nune
515 1697 566 1760 ille
588 1698 674 1760 iubas
696 1699 874 1781 captivaque
896 1698 1033 1780 postibus
1056 1718 1108 1760 ora
1339 1701 1380 1760 25

362 1800 511 1884 inposuit,
531 1802 659 1884 spolium
677 1801 781 1864 infelix
804 1802 951 1884 divaeque
973 1802 1152 1884 pudendum.

363 1924 439 1986 quae
460 1896 620 1988 postquam
641 1905 838 1972 Haemoniam
861 1911 963 1970 tanae
983 1925 1044 1968 non
1065 1905 1210 1968 inmemor
1231 1905 1294 1966 irae

362 2010 501 2072 aerisono
521 2011 559 2072 de
581 2014 682 2073 moute
704 2015 801 2074 ratem
822 2010 1016 2094 praefixaque
1036 2029 1144 2091 regum

364 2117 450 2177 scuta
471 2115 569 2194 videt,
591 2135 670 2180 nova
692 2120 826 2181 monstra
847 2117 928 2194 viro,
948 2133 1027 2176 nova
1047 2115 1153 2176 funera
1175 2113 1276 2190 volvit,

363 2220 398 2280 ut
420 2217 516 2280 socias
538 2219 569 2282 in
589 2223 677 2282 noete
699 2240 805 2283 manus
828 2223 921 2301 amne
941 2219 1033 2301 impia
1054 2219 1134 2280 bella
1339 2219 1385 2278 30

363 2325 502 2386 conserat
523 2326 555 2386 et
577 2325 678 2388 saevis
700 2327 852 2388 erroribus
875 2324 998 2408 inphoat
1016 2324 1130 2384 urbem.

364 2445 425 2488 nox
446 2429 512 2488 erat
533 2431 565 2490 et
585 2429 646 2490 leni
668 2431 815 2492 canebant
836 2447 966 2510 aequora
988 2428 1080 2503 sulco,

363 2531 395 2588 et
416 2528 474 2591 iam
493 2549 588 2612 prona
608 2534 692 2595 leves
713 2535 898 2616 spargebant
917 2532 1018 2596 sidera
1038 2551 1165 2594 somnos.

365 2650 439 2694 aura
461 2634 559 2708 vehit3
580 2635 710 2717 religant
732 2640 850 2716 tonsae,
873 2638 1001 2719 veloque
1020 2635 1201 2709 Procneson,

363 2738 454 2817 teque
476 2737 566 2800 etiam
587 2740 685 2802 medio
706 2742 886 2819 flaventem,
907 2740 1086 2817 Rhundaee‚
1110 2743 1202 2822 ponto
1341 2741 1381 2800 35

364 2859 597 2926 spumosumque
618 2844 727 2925 legunt
748 2844 843 2906 fracta
865 2844 1030 2928 Scylaceon
1053 2846 1091 2906 ab
1114 2845 1201 2906 unda.

363 2945 429 3026 ipse
451 2946 530 3008 diem
552 2949 643 3028 longe
666 2949 797 3030 solisque
819 2948 927 3012 cubilia
949 2948 1065 3032 Tiphys

349 3255 353 3264 ·
384 3220 555 3272 ramur:
574 3221 638 3273 Tum
661 3224 686 3274 V
774 3227 805 3272 le
824 3219 991 3272 sibimetsi
1014 3221 1061 3272 VP
1163 3224 1194 3271 17
1214 3219 1383 3272 vieesPssrl-

277 3302 379 3366 lsampas
395 3309 430 3356 ad
448 3309 522 3374 Vsry.
542 3310 606 3359 Aen.
632 3306 659 3358 11
685 3313 735 3360 133
807 3312 838 3358 18
856 3305 956 3358 uinetas
973 3308 998 3359 P
1066 3311 1097 3357 la
1115 3303 1186 3356 venit
1208 3321 1233 3356 m
1249 3309 1277 3358 ἐκ
1296 3323 1384 3373 mare„

278 3441 355 3494 morit
371 3445 492 3498 Heinsius
609 3453 641 3497 20
659 3445 784 3498 Dindsnra
807 3448 864 3507 VP,
887 3443 1006 3496 Dindime
1024 3461 1048 3494 m
1134 3392 1239 3496 hastata
1259 3447 1283 3495 V

277 3531 310 3576 21
330 3528 433 3594 (lyricus
450 3535 475 3582 P
558 3532 651 3598 praede
674 3536 699 3586 V
800 3536 833 3582 14
855 3531 990 3597 Oppressit
1006 3547 1043 3581 m:
1069 3531 1213 3595 Oppressus
1237 3532 1283 3581 VP

279 3615 311 3662 211
327 3614 386 3662 tune
406 3615 466 3667 Ara.
537 3617 611 3670 inuss
634 3620 663 3680 V,
682 3609 756 3670 uites
774 3620 799 3668 P
879 3621 910 3668 26
929 3615 989 3668 diua
1004 3619 1029 3669 P
1100 3622 1132 3670 21
1149 3615 1202 3667 irae
1220 3634 1264 3668 osa.
1285 3618 1319 3667 11

278 3755 311 3802 28
330 3749 460 3804 Merisono
478 3756 512 3806 Μ
611 3763 644 3810 29
661 3717 760 3810 meritus
783 3760 809 3810 V
898 3761 930 3809 31
950 3756 1090 3808 meroribus
1107 3753 1213 3820 impleat
1229 3758 1384 3806 Friesema-

278 3909 326 3942 nus
342 3896 358 3943 l.
378 3895 395 3944 1.
411 3909 439 3956 p.
461 3899 493 3944 92
597 3901 629 3947 33
648 3897 703 3949 leue
721 3901 745 3949 V
811 3855 949 3962 spargebat
970 3899 995 3951 V
1097 3900 1130 3948 31
1148 3894 1219 3948 uelut
1235 3897 1260 3946 P
1325 3896 1384 3947 reli·

279 3983 342 4046 gant
360 3989 395 4048 sp:
410 3979 506 4046 religet
521 3983 567 4034 VP
633 3982 692 4035 uelo
710 3985 732 4032 6¹
797 3981 942 4034 Procneson
959 3985 1035 4045 Pius,
1053 3985 1098 4047 qus·
1114 3991 1137 4033 et
1155 3983 1298 4033 Proneetou
1317 3985 1384 4032 cossi·

278 4069 370 4119 aaut:
389 4083 544 4134 procnesson
566 4071 623 4130 VP,
647 4069 823 4120 Proconessou
841 4069 874 4129 (7,
899 4084 1026 4133 prousson
1046 4079 1068 4136 ψ
1155 4073 1187 4120 ³5
1207 4067 1291 4134 Teque
1308 4069 1384 4120 etism

277 4157 421 4214 Heinsiusi
438 4156 505 4207 Eoos
525 4156 577 4207 iam
598 4159 657 4218 VP,
681 4153 717 4206 Et
740 4154 831 4204 Caeam
848 4157 881 4216 0,
904 4159 931 4205 et
955 4160 979 4206 te
1003 4155 1054 4206 iam
1071 4172 1109 4215 m,
1132 4153 1169 4204 nt
1185 4158 1210 4204 te
1227 4154 1307 4205 etiam'
1320 4157 1384 4207 Gro-

276 4231 364 4292 noviss
382 4245 474 4296 observ.
501 4241 538 4294 lv
558 4247 601 4292 21.
631 4239 743 4303 sortasse
769 4243 795 4290 et
817 4239 866 4290 iarn
890 4245 915 4292 te
1002 4239 1140 4293 Rhundace
1159 4241 1191 4288 0:
1222 4239 1331 4293 rundaos
1354 4243 1385 4306 V,

275 4327 379 4379 rundiee
395 4331 432 4391 P,
457 4329 559 4380 riudaee
575 4343 599 4378 m
703 4332 735 4382 36
763 4325 910 4394 Scyllaoeon
928 4330 960 4390 0,
987 4324 1136 4394 Scylaeeiou
1155 4325 1277 4378 Heinsius
1352 4327 1384 4380 ab

274 4431 319 4468 om.
340 4417 361 4468 0
445 4420 477 4472 37
495 4414 576 4485 tiphis
598 4416 624 4468 V
