3072 4974
689 423 712 460 G.
728 421 835 462 venam
849 421 949 461 FLACCI
1000 387 1001 392 1

355 573 482 636 dixerat
503 573 655 654 extemplo
679 577 759 650 (nam
780 573 839 634 iam
861 575 980 634 matura
1001 573 1130 635 ruebant

358 675 458 738 sidera
480 678 519 736 et'
534 678 671 738 extremo
692 694 726 736 se
749 673 877 737 flexerat
898 693 957 738 axe
978 675 1103 756 Bootes)

355 798 424 841 oum
445 778 560 859 gemitu
582 783 614 840 et
634 779 728 841 multo
750 776 852 839 iuveni
873 777 1069 842 medicamina
1089 779 1164 840 fletu

354 901 415 943 non
435 901 523 943 eeous
546 899 581 942 ae
602 880 730 962 patriam
752 881 865 961 pariter
886 881 1055 962 famamque
1077 883 1230 964 deeusque

355 984 451 1048 obioit
471 985 521 1046 ille
544 1003 635 1046 manu
651 979 737 1046 ¹subit
756 987 788 1046 et
809 985 870 1046 vim
891 983 1011 1068 corripit
1033 1003 1159 1046 omnem.
1310 989 1377 1049 460

419 1099 495 1162 Inde
519 1102 570 1162 ubi
591 1102 670 1164 faeta
689 1119 801 1163 nocens
823 1104 855 1163 et
876 1119 936 1163 non
950 1101 1127 1163 revocabilis
1149 1119 1290 1180 umquam

354 1203 446 1264 eeseit
467 1204 505 1265 ab
527 1223 578 1266 ore
599 1205 696 1294 pudor
717 1204 897 1286 propiorque
918 1203 1046 1284 inplevit
1067 1203 1190 1285 Erinys,
1295 1197 1298 1202 ’

354 1306 485 1368 earmina
504 1326 584 1368 nuno
605 1312 684 1370 totos
702 1306 799 1368 volvit
819 1304 945 1387 figitque
966 1322 1022 1386 per
1044 1309 1129 1368 artis

354 1408 525 1472 Aesonidae
546 1410 577 1470 et
598 1412 694 1470 totum
716 1411 841 1489 septeno
860 1411 1014 1471 murmure
1034 1409 1131 1470 fertur

353 1531 409 1592 per
432 1511 560 1592 elipeum
580 1516 670 1592 atque
692 1512 757 1574 viro
780 1505 950 1592 graviorem
970 1511 1101 1574 reddidit
1119 1512 1237 1573 hastam
1244 1537 1252 1588 ς
1310 1515 1374 1574 465

353 1614 471 1694 iamque
494 1615 541 1675 sui
563 1615 658 1706 tauris
680 1617 826 1695 languent
844 1616 1019 1678 absentibus
1040 1616 1136 1695 ignes.

348 1708 441 1777 ‘nuno
461 1735 520 1796 age
543 1721 575 1778 et
593 1709 655 1778 has‘
679 1717 774 1799 inquit
790 1711 910 1780 ‘oristas
932 1720 1110 1800 galeamque
1131 1733 1262 1793 resume,

353 1837 444 1899 qnam
465 1819 552 1882 modo
576 1821 700 1882 funerea
721 1821 818 1882 tenuit
838 1820 995 1884 Discordia
1016 1822 1133 1884 dextra.

351 1922 428 1983 bauo
449 1921 513 1984 iaoe
535 1941 590 2003 per
610 1922 739 2000 medias,
762 1943 829 1985 oum
849 1926 979 1987 verteris
999 1941 1143 2004 aequora,
1165 1940 1296 1998 messes3

352 2025 488 2106 protinus
511 2027 542 2086 in
564 2045 632 2086 sese
653 2045 799 2089 conversa
819 2028 969 2091 furoribus
987 2026 1042 2088 ibit
1306 2027 1374 2086 470

353 2130 461 2188 cuneta
482 2128 628 2208 phalanx,
649 2130 738 2208 atque
760 2130 826 2211 ipse
849 2132 979 2192 fremens
1001 2129 1156 2191 mirabitur
1177 2129 1209 2188 et
1230 2145 1278 2188 me

353 2231 494 2312 respiciet
515 2231 643 2292 fortasse
663 2222 766 2311 pater?
790 2231 833 2292 sio
854 2231 962 2294 deinde
980 2233 1082 2293 locuta

353 2333 413 2396 iam
434 2335 532 2414 magis
554 2336 644 2414 atque
667 2333 766 2412 magis
785 2338 916 2396 mentem
938 2355 1030 2418 snper
1051 2335 1113 2396 alta
1132 2333 1250 2396 ferebat

353 2456 498 2518 aequora,
520 2435 686 2518 pandentes
706 2428 829 2517 Minyas
852 2437 912 2498 iarn
935 2440 1005 2500 vela
1025 2437 1148 2499 videbat

353 2560 387 2601 se
408 2541 481 2602 sine.
503 2543 567 2600 tum
588 2558 661 2601 vero
683 2541 818 2601 extremo
840 2559 984 2622 pereussa
1006 2542 1110 2603 dolore
1306 2539 1371 2599 475

243 2630 246 2634 ’
353 2644 461 2723 arripit
481 2641 654 2704 Aesoniden
673 2642 783 2703 dextra
804 2661 840 2702 ao
862 2646 1022 2706 summissa
1042 2644 1178 2725 profatur

349 2735 406 2804 ‘sis
427 2762 558 2820 memor,
580 2761 647 2818 oro,
668 2742 743 2818 mei,
765 2747 869 2805 eontra
888 2766 1003 2809 mernor
1024 2748 1092 2827 ipsa
1112 2745 1249 2821 manebo,

354 2847 458 2923 orode,
478 2847 530 2909 tui
554 2845 671 2928 quando
692 2846 761 2908 bino
783 2847 898 2925 aberis,
920 2849 968 2909 dio
988 2866 1114 2928 quaeso,
1135 2847 1274 2928 profundi

354 2951 433 3033 quod
454 2949 529 3012 eaeli
551 2949 692 3030 spectabo
714 2949 813 3010 latus?
836 2952 890 3012 sed
911 2954 943 3012 te
966 2969 1084 3032 quoqne
1105 2953 1213 3030 tangat

354 3073 427 3116 eura
448 3053 508 3114 mei
533 3071 717 3132 quorumque
736 3053 817 3129 loeo,
839 3072 1041 3134 quoscumque
1059 3071 1115 3133 por
1137 3069 1245 3126 annos,
1306 3053 1373 3114 480

355 3158 452 3239 adque
473 3157 552 3218 hune
574 3161 605 3218 te
627 3155 799 3216 meminisse
820 3156 897 3217 velis
919 3162 950 3218 et
972 3161 1076 3219 nostra
1096 3154 1184 3217 fateri

368 3403 418 3448 456
437 3413 494 3448 nam
513 3398 562 3447 iam
581 3415 613 3446 ιιι.
632 3413 652 3444 r.
671 3411 690 3442 e.
708 3400 733 3443 et
750 3398 862 3444 extremo
880 3412 907 3444 se
931 3397 1036 3444 flexerat
1058 3409 1104 3442 uxe
1121 3395 1217 3442 Bootes
1234 3394 1373 3442 Heinsius:

263 3498 343 3548 neque
366 3483 432 3533 enim
455 3498 525 3531 mr.
544 3497 562 3534 s.
582 3487 607 3532 et
631 3485 767 3531 extremum
794 3479 925 3530 autieeerat
946 3493 992 3529 axe
1017 3479 1135 3528 boontem
1159 3476 1259 3543 (booten
1276 3476 1324 3542 Μ)
1340 3478 1372 3537 V,
1405 3539 1410 3550 Ι

264 3581 343 3630 neque
361 3567 427 3618 enim
442 3584 474 3617 m.
492 3584 512 3615 r.
532 3582 551 3615 s.
570 3571 596 3616 et
613 3570 724 3615 extremo
740 3565 872 3615 suffecerat
895 3565 1033 3630 (suffixerat
1051 3561 1126 3628 Bon.)
1143 3564 1250 3612 Bootem
1270 3572 1307 3628 ψ,
1326 3575 1372 3612 ne·

251 3646 313 3715 'que
337 3649 402 3700 eninr
425 3666 496 3701 mr.
520 3667 539 3700 s.
563 3656 588 3700 et
612 3655 748 3700 extremum
774 3649 900 3699 suffixerat
930 3664 976 3699 axe
999 3650 1099 3698 Booten
1123 3665 1143 3697 c.
1169 3649 1328 3696 Burmannus
1344 3663 1369 3698 o.

265 3740 315 3786 4777
333 3737 449 3785 «atarseo
466 3740 558 3784 notovit
629 3742 679 3786 459
700 3737 825 3801 patriani
892 3740 917 3784 et
933 3733 1029 3800 pariter
1046 3735 1167 3782 Heinsius
1237 3737 1287 3782 460
1304 3733 1371 3784 Ροι-

263 3820 328 3886 rigia
343 3823 419 3882 idem,
439 3820 537 3870 Obtulit
554 3824 713 3869 Burmannus
801 3835 899 3870 omnem
917 3823 964 3871 M:
979 3819 1108 3869 hominem
1131 3821 1156 3870 V
1239 3821 1289 3867 462
1308 3833 1371 3882 pro·

264 3907 384 3974 priorque
407 3909 440 3958 V,
514 3907 597 3974 orynia
619 3909 649 3966 V,
668 3905 746 3956 erinis
764 3908 796 3954 Μ
880 3909 930 3956 463
948 3904 1029 3955 volvit
1051 3906 1153 3957 Vocatur
1171 3905 1223 3954 roll.
1244 3901 1287 3952 111
1304 3908 1370 3954 408:

264 3991 343 4042 soluit
365 3994 426 4058 Vrpc
513 3997 564 4042 464
588 3989 715 4042 Aesonide
732 3991 791 4039 ΑΜ.
882 4005 1023 4040 murmuras
1046 3993 1071 4042 V
1158 3993 1240 4039 tutum
1264 3992 1371 4052 septeno

264 4087 365 4141 tergore
386 4079 507 4127 Heinn'ua
576 4082 625 4127 467
644 4076 719 4125 Hune
737 4076 754 4122 ι’.
773 4089 793 4122 a.
814 4072 922 4139 elipeum
939 4079 1002 4126 idem
1075 4075 1178 4126 eristum
1196 4077 1269 4124 codex
1285 4076 1371 4138 rapior

260 4167 379 4224 probante
404 4165 508 4212 Hor'nae'o
601 4167 650 4212 468
669 4161 757 4210 lunera
781 4161 804 4209 V
896 4165 946 4210 473
972 4159 1067 4227 ferebat
1085 4162 1118 4210 Μ
1122 4176 1131 4210 .·
1156 4157 1257 4210 furebat
1278 4160 1303 4209 V

262 4255 312 4300 478
333 4249 432 4313 quando
452 4251 556 4299 erola:
582 4253 700 4314 quantum
722 4247 804 4295 VAltl.
900 4245 983 4296 uberis
1008 4261 1052 4294 oen.
1073 4247 1106 4295 Μ
1194 4250 1245 4295 479
1263 4247 1371 4308 spetabo

208 4397 211 4404 ,
266 4337 288 4384 l'
357 4341 407 4384 480
427 4349 580 4400 quorumque
599 4349 640 4384 m:
658 4329 831 4398 quodcumque
854 4331 877 4380 V
947 4336 995 4380 481
1016 4329 1138 4380 hancine
1156 4331 1276 4380 Helonius
