3132 4968
575 437 797 479 ARGONAVTICON
817 437 949 480 LIBERE.

289 591 370 652 serre
392 607 449 650 nec
470 585 597 652 infestos
614 590 701 652 derat
722 591 805 653 furor
826 591 968 672 inprobus
990 591 1087 673 ignes,

202 728 206 744 ·
288 692 321 754 ni
340 691 470 755 Veneris
493 711 601 754 saevas
622 695 766 775 fregisset
786 695 931 757 Mulciber
952 695 1020 756 iras.
1244 697 1307 757 315
1394 707 1398 719 ‘

288 799 360 857 tunc
382 796 473 857 etiam
495 799 581 857 vates
602 797 721 862 Phoebo
744 800 853 861 dilecte
874 798 989 880 Polyxo

290 902 362 979 (non
383 898 527 982 patriam,
549 919 609 960 non
632 906 714 964 certa
735 923 849 984 genus,
873 902 928 964 sed
948 901 1079 962 maxima

287 1105 455 1184 Proteaque
477 1106 652 1186 ambiguum
666 1107 789 1188 ¹Phariis
885 1109 922 1168 ab
947 1107 1024 1168 ant'

202 1275 205 1290 Ι
287 1209 346 1269 huc
364 1208 481 1269 rexisse
504 1209 569 1270 vies
591 1209 701 1271 iunctis
720 1230 812 1292 super
832 1229 963 1291 aequora
979 1211 1090 1290 phocis.

287 1332 378 1394 saepe
399 1312 468 1372 imis
489 1332 522 1373 se
547 1314 647 1375 condit
666 1315 769 1394 equis,
790 1316 989 1393 cunctataque
1009 1313 1132 1394 paulum
1241 1317 1305 1375 320

288 1415 386 1494 surgit
407 1417 442 1502 ut
464 1416 582 1476 auditas
602 1418 737 1478 referens
759 1419 792 1479 in
812 1417 934 1498 gurgite
956 1419 1059 1496 voces)

281 1512 414 1601 ‘portum
435 1509 549 1579 demus'
572 1520 630 1595 eit,
712 1513 799 1582 ‘heco
881 1521 1009 1600 credite,
1032 1520 1142 1602 puppis

286 1622 408 1683 advenit
430 1624 461 1682 et
480 1622 576 1684 levior
597 1622 711 1686 Lemno
731 1624 806 1684 deus
828 1641 958 1703 aequore
979 1624 1066 1686 flexit

285 1726 344 1786 huc
364 1725 501 1806 Minyas3
521 1725 628 1788 Venus
647 1727 714 1807 ipsa
731 1724 836 1786 uolens
861 1727 913 1787 dat
935 1730 1072 1808 tempora
1089 1728 1182 1807 iungi,

284 1829 355 1889 dum
377 1827 458 1890 vires
481 1832 567 1892 utero
590 1834 784 1910 maternaque
805 1828 916 1890 sufficit
937 1821 1036 1890 astas?
1084 1893 1085 1896 ,
1137 1871 1140 1878 1
1240 1833 1303 1894 325

284 1932 364 1992 dieta
386 1933 506 2012 placent
526 1935 684 2014 portatque
706 1951 811 2013 preces
834 1933 872 1993 ad
894 1932 984 1995 litore
1007 1930 1097 1994 Grais

283 2036 424 2117 Iphinoe;
445 2056 501 2097 nec
524 2038 621 2098 turba·
634 2057 760 2111 noeenS,
781 2035 964 2116 scelerisque
986 2037 1115 2100 recentis
1207 2085 1215 2098 .

284 2139 372 2218 signe
393 2142 531 2215 movent,
554 2140 690 2220 tollitque
710 2138 768 2199 loci
791 2137 942 2220 Cytherea
964 2142 1107 2204 timorem.

499 2241 519 2278 *Ji
735 2241 755 2278 ἢ
970 2243 990 2280 *Ji

197 2397 449 2408 ———-—-—-—=

301 2504 352 2548 314
369 2498 516 2550 infestosV
567 2495 627 2548 ders
644 2498 688 2556 M,
709 2495 812 2547 dederat
829 2499 853 2547 P
921 2500 970 2547 315
991 2511 1062 2548 senas
1087 2502 1112 2551 V
1179 2505 1228 2554 317
1248 2501 1302 2570 sed]

195 2587 221 2632 te
238 2585 360 2632 Heinsius
379 2587 501 2645 probante
522 2586 663 2634 Bsunsunno
736 2582 864 2646 magxima
886 2584 911 2632 V
934 2579 961 2646 (g
983 2593 1043 2646 post
1066 2581 1178 2652 deletum)
1243 2598 1304 2652 post

195 2669 305 2719 maxima
322 2673 433 2720 lemnum
455 2672 605 2734 sipnifieeui,
630 2687 687 2720 nuru
705 2685 717 2718 e
736 2671 880 2720 testimoniis
898 2670 1014 2719 libroruin
1032 2687 1093 2734 quae
1112 2675 1209 2734 puriter
1225 2678 1305 2725 omniu

185 2780 313 2868 'coempto
334 2817 391 2858 sunt
417 2803 511 2857 nullum
533 2809 561 2856 in
578 2810 651 2857 verbu
669 2817 755 2870 peetus
776 2810 855 2868 recipi
872 2809 974 2869 potuim
998 2809 1067 2860 nutes
1085 2821 1165 2863 nutem
1183 2771 1252 2864 saed
1273 2817 1311 2876 V,-

196 2895 279 2942 tsetse
297 2895 341 2955 Μ,
360 2897 411 2942 tete
431 2897 465 2953 P,
487 2896 555 2942 caete
575 2895 601 2943 0.
637 2892 744 2958 Tethym
764 2900 801 2958 ψ,
825 2893 885 2942 Ceto
902 2894 1034 2956 Heinsius,
1060 2897 1155 2965 Tethys
1180 2901 1305 2950 Burman·

197 2995 245 3026 nus
297 2981 363 3028 inter
380 2984 429 3030 317
448 2987 472 3028 et
492 2983 542 3029 318
560 2994 635 3026 unuin
652 2993 748 3026 uersum
766 2979 883 3026 excidisse
902 2981 1013 3040 suspicor
1081 2989 1131 3034 318
1150 2984 1253 3034 Phariis
1267 2994 1303 3052 sp:

197 3064 282 3128 pharii
300 3081 326 3114 se
337 3067 393 3126 VC,
413 3063 511 3128 phariis
530 3079 543 3112 e
563 3064 621 3113 PM.
642 3066 729 3110 iueunu
748 3078 809 3122 queue
822 3071 881 3125 post
899 3065 956 3114 lutee
973 3068 1046 3115 uenia
1064 3075 1100 3116 est
1118 3071 1145 3118 in
1158 3071 1205 3120 VP
1220 3070 1302 3134 patris

196 3167 251 3200 osee
269 3155 364 3201 inserte
382 3153 477 3212 explete
494 3157 531 3199 est
549 3152 576 3197 in
597 3149 652 3198 Me.
684 3145 796 3208 sortasse
820 3152 938 3199 narratur
963 3152 1001 3198 eei
1025 3153 1101 3202 simile
1127 3157 1188 3216 quid
1203 3159 1301 3206 excidit,
1342 3197 1346 3204 ,

196 3237 298 3286 Phariis
314 3236 439 3286 referebat
458 3250 480 3284 a.
497 3249 520 3283 s.
540 3243 562 3299 ψ
579 3236 751 3293 Buuunnnnus,
778 3233 881 3285 Phariis
905 3233 955 3282 lert
978 3251 1065 3286 rumor
1090 3244 1128 3290 ssi
1145 3240 1235 3291 Pharii
1253 3241 1304 3293 fert

196 3323 413 3389 patrissant
433 3320 542 3370 Phariae
566 3318 615 3369 fert
639 3319 748 3385 Thetyos
773 3319 852 3368 antris
870 3322 998 3371 Heinsius.
1086 3331 1134 3377 319
1153 3327 1247 3377 rexisse
1266 3331 1304 3380 P:

196 3409 276 3459 rexiss
300 3411 329 3470 V,
349 3407 430 3456 exisse
447 3407 480 3455 H
545 3403 638 3454 iunctis
655 3419 694 3453 en:
712 3403 833 3455 iniunctis
855 3408 884 3468 V,
902 3405 995 3457 uinctis
1015 3413 1040 3460 P
1106 3416 1156 3463 320
1176 3410 1302 3479 Saepimis

202 3498 249 3548 irP
315 3499 364 3544 321
383 3492 479 3542 reterns
502 3492 527 3542 V
593 3495 642 3540 322
662 3493 763 3540 ieiunus
782 3493 935 3555 siqnifleuui:
958 3493 995 3543 ait
1012 3496 1058 3544 hec
1078 3495 1150 3560 (hasa
1166 3498 1229 3564 MP)
1248 3512 1302 3550 cre·

197 3581 248 3630 dite
261 3583 318 3641 VP,
338 3578 374 3628 ait
546 3577 609 3625 haec
628 3575 721 3625 credite
734 3592 768 3638 π,
789 3575 825 3625 ait
840 3578 903 3627 haee
919 3577 1024 3642 hospita
1040 3581 1132 3631 credite
1143 3584 1174 3644 0,
1195 3599 1217 3634 s.
1231 3586 1304 3636 nohis

196 3667 258 3716 hoec
277 3682 297 3716 e.
315 3674 353 3732 ψ,
370 3679 393 3714 s.
410 3667 497 3713 nostra
512 3664 575 3712 haec
594 3661 657 3712 mihi
675 3678 696 3710 e.
709 3664 874 3712 Bueusunnus.
889 3660 1001 3722 fortusse
1020 3681 1042 3714 a.
1061 3666 1128 3716 laeta
1144 3671 1219 3735 haec,
1239 3672 1304 3724 mihi

197 3766 217 3804 c.
305 3755 354 3800 323
379 3748 503 3799 Adueniet
522 3751 555 3810 0,
584 3749 694 3800 Advenit
717 3765 749 3798 en
770 3752 808 3798 uei
831 3746 956 3798 Adventat
981 3753 1103 3801 Heinsius
1171 3756 1253 3808 lenior
1272 3777 1302 3822 π,

196 3836 286 3886 melior
305 3838 426 3885 Heinsius
513 3840 662 3886 324-406
685 3837 773 3884 desunt
792 3837 819 3882 in
839 3851 860 3884 ne
929 3835 1026 3902 mynias
1048 3840 1073 3888 V
1140 3847 1304 3906 corporum

196 3927 299 3989 pectora
316 3924 474 3970 Burnunnus
544 3925 593 3971 325
610 3923 756 3984 maturaque
774 3921 895 3968 Heinsius
966 3927 1015 3972 326
1033 3939 1135 3987 praeces
1152 3927 1177 3978 V
1228 3929 1303 3980 Grais

196 4065 252 4113 MP
265 4079 295 4111 sss.
317 4078 362 4111 see.
382 4064 409 4110 in
426 4062 530 4109 lucerne:
550 4056 605 4120 gris
627 4061 652 4110 V
728 4063 777 4109 327
793 4058 901 4124 Iphinoe
921 4061 967 4110 H:
985 4061 1101 4124 Tphinoe
1124 4067 1154 4126 V,
1173 4027 1300 4130 Thiphinoe

197 4150 221 4198 P
237 4146 262 4211 (o
281 4149 335 4196 uid.
357 4163 387 4194 ere.
411 4143 470 4208 see.)
546 4142 696 4206 scelerisque
715 4145 759 4194 ΟΡ
772 4161 802 4192 en.
824 4161 887 4196 seu:
917 4145 1054 4211 celerisque
1075 4151 1123 4201 VP
1194 4155 1303 4206 recentis

196 4288 262 4335 Pus.
284 4300 329 4334 see.
350 4287 378 4334 in
395 4299 490 4348 istoru:
511 4281 625 4331 nocentis
647 4284 712 4332 VPO
779 4287 829 4334 328
856 4234 961 4350 cytherea
984 4287 1009 4337 V
1059 4289 1125 4338 iulet·
1142 4295 1191 4343 328
1211 4301 1234 4343 st
1251 4299 1301 4347 329

195 4381 245 4420 uon
263 4371 345 4419 dictito
364 4371 424 4430 quin
444 4385 493 4420 neon
511 4371 580 4418 nediu
597 4370 730 4416 exciderint
