3072 4974
530 435 750 476 ARGONAVTIGON
771 434 856 476 maula
869 434 932 475 vm.

226 572 228 577 ’
267 590 335 673 ipse
356 591 458 662 autem
479 586 593 650 invitae
614 586 675 650 mm
693 585 834 651 Pallados
855 584 946 666 erigit
966 603 1044 666 aas,

271 693 376 775 incipit
396 691 513 754 Idaliae
534 709 647 752 numen
668 701 725 752 nco
743 706 888 770 apernere
910 684 1006 752 divae.

269 791 492 878 praecipueque
516 793 577 870 eui,
600 792 759 874 siquando,
782 791 814 854 in
835 794 971 873 tempore
991 792 1116 874 pulcher

270 897 401 978 coniugii
424 897 546 978 Minyas
568 915 729 976 numquam
751 894 850 974 magis
871 895 984 958 eminet
1004 895 1098 972 intem

272 1001 370 1082 qualia
393 1000 558 1080 sanguineo
579 999 676 1062 victor
697 995 850 1060 Gradivus
872 999 909 1060 ab
932 997 1035 1062 Hebro

270 1102 400 1165 Idalium
421 1103 501 1165 furto
525 1103 605 1164 subit
624 1105 679 1163 aut
700 1101 809 1163 dilecta
830 1099 977 1181 Cythera3

272 1225 328 1266 eeu
351 1215 419 1266 cum
441 1206 588 1268 caelestes
610 1204 736 1268 Alcidae
754 1203 887 1265 invinare
906 1222 1029 1268 mennas

270 1307 332 1371 iam
351 1311 440 1372 vacat
461 1311 493 1369 et
515 1309 630 1372 fessum
650 1306 778 1370 Iunonia
800 1307 931 1370 sustinet
950 1305 1047 1372 Hebe.

271 1410 383 1474 meunt
403 1411 561 1473 unanimes
583 1409 706 1486 Venus,
726 1411 922 1490 hortatorque
944 1409 1061 1492 (lupide

274 1513 401 1576 suscitat
422 1513 554 1576 adfixam
574 1513 699 1575 maestis
718 1511 849 1575 Aeetida
871 1513 964 1590 carim

221 1649 229 1654 -
271 1616 338 1699 ipsa
360 1635 432 1688 auae
449 1616 492 1678 illi
513 1635 618 1678 croceo
640 1615 830 1696 subtegmine
849 1619 955 1678 vestes

270 1719 382 1795 induit,
404 1720 472 1799 ipsa
492 1737 578 1780 suam
602 1718 751 1802 duplicem
774 1717 927 1799 Cytherea
949 1739 1089 1784 coronam

274 1822 367 1900 donat
388 1823 420 1882 et
442 1839 564 1882 arsurae
586 1822 647 1883 alia
667 1825 735 1882 cuni
757 1820 874 1900 virgine
897 1840 1040 1902 gemmas.
1098 1884 1102 1890 ,

273 1928 338 1986 tum
360 1942 458 1985 novus
480 1924 618 2005 implevit
638 1925 742 1986 vultus
761 1925 871 2001 honor,
891 1943 927 1986 ac
950 1945 1006 1989 sua
1023 1929 1110 1990 flavia
1136 1975 1146 1992 ..

272 2027 390 2090 reddita
411 2047 484 2090 cura
504 2027 612 2104 comis,
630 2027 827 2108 graditurque
848 2027 943 2090 oblita
957 2031 1112 2094 malorum

273 2129 317 2192 sic
337 2129 389 2191 ubi
409 2129 593 2210 Mygdonios
615 2131 755 2214 planctus
779 2149 865 2192 sacer
888 2131 982 2194 abluit
1002 2133 1101 2214 Almo,

272 2233 412 2312 laetaque
433 2231 495 2294 iam
516 2229 631 2314 Cybele
652 2233 809 2314 festaeque
830 2253 886 2314 per
908 2236 1018 2318 oppida
1038 2237 1156 2316 taedae,
1229 2243 1293 2303 240

275 2335 343 2416 quie
362 2335 450 2398 modo
471 2338 535 2422 tam
556 2355 664 2397 saevos
686 2336 788 2417 adytis
809 2336 935 2400 fluxisse
953 2358 1076 2402 cruores

273 2437 404 2518 cogitet?
426 2424 480 2500 aut
500 2437 560 2520 ipei
583 2438 634 2519 qui
654 2439 715 2500 iam
736 2437 900 2503 meminere
920 2441 1067 2506 ministri?

274 2541 361 2618 inde,
382 2540 434 2603 ubi
457 2541 608 2604 sacrificae
630 2561 698 2602 cum
720 2542 847 2622 coniuge
868 2543 954 2606 venit
974 2546 1014 2608 ad
1035 2566 1105 2610 arae
1139 2555 1140 2564 ’

275 2643 461 2721 Aesonidae,
480 2663 599 2726 unaque
622 2645 735 2706 adeunt
754 2645 925 2728 pariterque
947 2651 1065 2731 precari

275 2747 436 2830 incipiunt,
457 2747 562 2828 ignem
582 2747 691 2810 Pollux
712 2749 883 2830 undamque
900 2750 1034 2832 iugalem
1200 2731 1203 2736 ¹
1232 2763 1294 2824 245

275 2852 435 2934 praetulit,
457 2854 490 2912 et
511 2851 653 2914 dextrum
674 2852 788 2933 pariter
808 2855 969 2916 vertuntur
990 2857 1023 2918 in
1041 2861 1150 2922 orbem.
1279 2929 1284 2936 ,

278 2955 333 3016 sed
354 2973 452 3034 neque
475 2972 516 3015 ee·
530 2954 660 3036 pingues
681 2956 745 3015 tum
765 2955 892 3016 madida
914 2957 1034 3023 flamma
1052 2982 1109 3044 per
1129 2983 1220 3028 auras

278 3055 437 3138 explicuit,
460 3075 517 3118 nec
538 3059 606 3118 tura
628 3057 712 3118 videt
732 3059 889 3122 concordia
909 3059 1046 3144 Mopsus,

298 3362 349 3408 224
366 3357 425 3422 Ipse
443 3358 474 3407 L.
496 3358 683 3423 Balburrulpea
705 3360 752 3425 Vua
821 3360 942 3425 innuptae
961 3365 1023 3414 Bou.
1101 3369 1199 3434 erigere
1216 3375 1298 3424 Han.

194 3448 246 3495 εἰπε
328 3447 378 3494 225
396 3457 497 3492 nurncm
519 3445 544 3493 V
631 3448 680 3493 226
699 3443 875 3511 Precipneque
897 3449 923 3498 V
1009 3456 1058 3503 227
1076 3454 1186 3521 Coniugi
1207 3461 1233 3511 V

198 3589 248 3635 223
266 3583 410 3633 motoris:
428 3597 473 3632 cera
493 3583 517 3632 V
583 3586 632 3632 223
652 3581 786 3649 cydaraV
852 3589 902 3636 230
919 3584 1021 3654 aleydae
1044 3592 1070 3642 V
1135 3597 1185 3646 233
1203 3595 1301 3649 Sufficit

193 3673 256 3721 Bon.
353 3666 465 3718 suscitat
487 3666 529 3716 hic
553 3667 629 3718 fixam
652 3670 789 3733 Waynarue
805 3671 890 3732 perita
906 3681 966 3734 port
983 3673 1082 3742 Cupido
1104 3685 1193 3734 maiora
1207 3685 1300 3736 diaeta·

195 3792 274 3840 ctione
350 3794 400 3841 235
419 3789 548 3854 duplari.
570 3804 589 3839 e.
605 3786 704 3850 fallar,
722 3793 800 3854 infida
816 3793 938 3843 Halmius
1018 3801 1192 3866 cytheraeis:
1211 3807 1302 3874 cydara

199 3877 225 3926 V
293 3879 342 3925 238
362 3888 422 3924 cure
438 3875 480 3924 Μ.
498 3889 559 3923 curo
584 3875 610 3925 V
676 3881 726 3926 233
744 3876 861 3942 planctus
878 3893 935 3929 acer
959 3883 988 3943 V,
1012 3883 1117 3947 planctu
1134 3904 1204 3941 aecer
1220 3893 1255 3946 Μ

196 4015 246 4062 240
264 4012 365 4077 cybelae
389 4013 414 4066 V
496 4011 573 4078 opida
595 4014 620 4063 V
704 4013 775 4066 tedae
796 4017 823 4068 V
910 4022 959 4070 241
979 4024 1031 4070 tam
1048 4023 1110 4072 Piae
1127 4032 1151 4074 et
1168 4027 1303 4084 aarum
1357 4072 1363 4092 ,

195 4096 246 4148 iam
268 4098 315 4162 Vqr
419 4101 468 4148 242
495 4094 554 4161 quid
576 4096 628 4147 iam
652 4099 773 4148 Bormiae
791 4103 808 4150 l.
828 4104 863 4160 l.‚
889 4101 967 4152 haud.
981 4104 1033 4170 ipsi
1060 4106 1122 4172 quin
1145 4108 1197 4163 iam
1221 4113 1301 4164 aaa.

197 4183 257 4231 atur.
294 4183 452 4232 Burmannus
477 4180 520 4246 qui
537 4196 586 4244 pro
609 4184 714 4234 citatim
738 4187 811 4234 amnia
921 4191 971 4238 243
994 4191 1120 4244 smnflcar
1138 4197 1172 4248 Μ
1174 4215 1180 4248 :
1207 4197 1302 4250 rufifl-

196 4279 256 4316 cana
279 4267 304 4316 V
391 4271 441 4318 244
459 4266 574 4330 praecari
591 4269 616 4318 V
692 4274 741 4320 243
761 4271 966 4324 ut—vertantur
983 4277 1042 4328 ΑΜ.
1114 4284 1164 4336 241
1182 4297 1229 4350 par
1246 4298 1303 4336 area

197 4351 323 4400 Moecriua
1284 4353 1288 4361 ⁴
