3132 4968
567 427 789 471 anconamcor
810 425 897 468 amna
910 425 941 468 11.

284 589 364 650 nube
389 584 507 667 premit.
550 601 609 644 uon
631 581 682 643 illo
703 577 801 661 magis
823 597 912 661 quem
932 575 1006 639 sede
1028 579 1167 638 movetur

283 709 415 769 magnus
434 687 538 769 Eryx,
560 687 678 748 deferre
699 686 794 748 velint
816 703 905 765 quem
926 681 1055 744 uallibus
1076 680 1206 741 irnbres·

284 793 344 853 iam
364 792 469 854 brevis
491 794 523 852 et
544 791 605 851 telo
627 789 741 852 volucri
762 807 822 850 non
843 776 926 848 dtilts
948 803 1007 846 aer.

284 899 350 956 tum
371 914 445 956 vero
466 893 603 955 fremitus
624 893 753 972 uanique
775 891 890 953 insania
912 887 1010 968 coepti

286 1004 317 1058 et
339 997 449 1059 tacitus
470 999 568 1080 pudor
589 999 621 1058 et
642 1013 748 1056 rursus
769 995 936 1075 pallescere
957 992 1051 1071 virgo.

285 1099 392 1181 proicit
413 1120 497 1163 arma
518 1120 623 1177 manu,
646 1097 785 1178 scopulos
807 1095 963 1175 vicinaque
987 1112 1062 1154 saxa

287 1205 426 1286 respicit,
448 1207 481 1265 et
502 1206 647 1285 quantum
668 1199 768 1261 ventis
790 1199 893 1260 adiuta
913 1199 1052 1258 uetustas
1116 1200 1119 1204 ’

287 1309 438 1388 inpulerat
456 1306 578 1388 pontive
600 1306 717 1382 fragor,
738 1304 857 1364 tantum
878 1300 1006 1362 abscidit
1026 1299 1078 1360 imi

287 1398 461 1472 concutiens
483 1430 501 1471 a
519 1410 591 1471 sede
613 1409 713 1470 maris.
734 1407 852 1486 iamque
874 1404 995 1484 agmine
1016 1405 1079 1464 toto
1242 1405 1306 1464 530

288 1513 391 1594 pistris
414 1513 501 1574 adest
521 1512 709 1592 miseraeque
731 1509 826 1571 inhiat
845 1509 905 1568 iam
926 1508 1064 1589 proxima
1082 1507 1219 1588 praedae.

289 1619 351 1679 stat
368 1615 474 1684 mediis
497 1617 595 1678 elatus
617 1613 702 1694 aquis
723 1612 889 1694 recipitque
910 1613 1047 1672 ruentem

289 1719 412 1781 Alcides
434 1737 568 1800 saxoque
590 1717 671 1799 prior
694 1715 852 1795 surgentia
873 1715 949 1776 colla

290 1820 403 1895 obruit;
426 1819 495 1883 hinc
516 1823 620 1882 vastos
642 1820 747 1880 nodosi
769 1818 884 1880 roboris
905 1818 984 1879 ictus

289 1922 487 2003 congeminat.
509 1924 619 1986 fluctus
636 1924 771 1985 defertur
792 1922 880 1982 belua
902 1920 934 1980 in
955 1919 1031 1981 imos
1245 1923 1306 1982 535

293 2028 353 2087 iam
374 2025 446 2087 totis
469 2028 605 2089 resoluta
624 2027 727 2101 vadis;
751 2024 902 2106 Idaeaque
924 2025 1022 2084 mater

292 2132 323 2190 et
342 2129 450 2190 chorus
472 2133 504 2192 et
526 2129 649 2212 summis
671 2129 825 2191 ulularunt
846 2128 970 2188 collibus
992 2125 1115 2187 Amnes.

292 2233 430 2314 protinus
452 2252 469 2292 e
493 2231 624 2312 scopulis
647 2235 679 2293 et
702 2251 795 2312 opaca
816 2231 895 2292 valle
916 2231 1081 2308 resurgunt

293 2340 430 2419 pastores
452 2335 629 2416 magnisque
650 2335 759 2415 petunt
779 2333 958 2395 elamoribus
981 2333 1094 2394 urbem.

294 2438 418 2499 nuntius
439 2437 507 2499 hinc
528 2439 624 2499 socios
647 2437 791 2498 Telamon
813 2440 916 2514 vocat,
940 2456 974 2498 ac
995 2435 1083 2498 simul
1103 2435 1160 2516 ipsi
1248 2439 1312 2496 540

293 2541 472 2602 horrescunt
495 2541 651 2622 subitoque
674 2539 779 2601 vident
799 2541 830 2601 in
853 2541 1000 2620 sanguine
1022 2559 1161 2621 puppem.

295 2662 351 2704 nec
370 2644 468 2704 minus
490 2641 522 2704 in
544 2642 682 2724 scopulos
705 2643 847 2724 crudique
866 2644 1019 2704 cacumina
1041 2643 1109 2703 sadi

296 2745 404 2807 emicat
421 2744 544 2808 Alcides
565 2743 732 2823 vinclisque
754 2746 926 2808 tenentibus
948 2747 1047 2808 aufert

296 2849 450 2928 virgineas
473 2849 510 2908 de
532 2869 608 2930 rupe
630 2867 738 2908 manus
759 2851 903 2930 aptatque
926 2849 1064 2929 superbis

297 2969 380 3012 arma
401 2951 526 3025 umeris;
549 2969 655 3030 regem
675 2949 745 3011 inde
759 2955 874 3032 'petens
897 2953 1059 3033 superabat
1080 2953 1189 3013 ovante
1249 2953 1311 3012 545

294 3054 383 3114 litora
404 3055 471 3114 tuta
492 3054 597 3134 gradu
620 3053 723 3134 qualis
737 3073 792 3135 per
816 3074 928 3138 pascua
949 3055 1046 3116 vietor

296 3156 479 3236 ingreditur,
501 3159 566 3218 tum
586 3155 662 3217 colla
682 3158 817 3233 tumens,
839 3160 903 3218 tum
921 3158 1030 3218 celsior
1051 3159 1142 3219 armis
1222 3233 1227 3242 ·

210 3383 466 3390 ——-·————-—-———--

315 3557 364 3604 582
385 3554 501 3604 moretur
517 3552 577 3600 Ala.
600 3567 628 3601 c:
660 3549 773 3600 mouenti
789 3547 852 3608 'VP‚
881 3549 978 3601 mereri
995 3551 1058 3599 Bon.
1147 3555 1196 3602 523
1217 3551 1317 3602 differre

208 3639 337 3687 Columbae
426 3642 477 3688 525
496 3636 602 3686 infamia
620 3637 741 3691 Heinsius
827 3639 877 3686 528
896 3634 1025 3701 Perspieit
1048 3638 1086 3685 vel
1110 3635 1212 3702 Arripit
1236 3640 1317 3688 Heio·
1399 3677 1402 3680 .

209 3726 262 3773 rica
330 3723 417 3773 adiuta
435 3725 494 3772 Pm:
516 3722 635 3772 adiuncta
657 3723 681 3770 V
784 3723 833 3769 529
851 3719 982 3785 inpuerat
1000 3723 1106 3784 compsi:
1136 3722 1264 3788 Impulerit
1287 3725 1317 3784 V,

209 3807 405 3874 ImpuleritMP
454 3807 559 3870 pontiue
572 3807 660 3872 fragor
671 3820 710 3854 m:
728 3805 858 3870 potentiue
876 3804 967 3870 fragon
977 3809 1008 3869 V,
1024 3809 1125 3873 potenti
1137 3809 1268 3872 fragori?

210 3949 260 3998 552
279 3903 376 3997 ruentem
398 3948 424 3998 V
524 3947 573 3996 535
591 3943 675 3994 bellua
693 3943 714 3992 0
731 3946 771 4006 (at
788 3943 914 4004 aldclud:
934 3963 971 3996 om
990 3949 1050 4007 VP,
1069 3959 1190 4011 praeceps
1207 3944 1318 3995 defertur

210 4039 235 4096 ψ
338 4034 388 4081 537
410 4029 550 4096 ullllarunt
573 4030 599 4080 V
691 4027 851 4078 ululaverunt
876 4030 1029 4097 Corybantes
1056 4033 1244 4080 Marcomanos
1261 4032 1278 4079 l.
1299 4031 1315 4080 l.

206 4187 234 4230 p.
257 4174 288 4218 91
361 4173 412 4220 540
429 4169 544 4220 Nunciua
566 4171 592 4220 V
658 4172 707 4218 541
727 4123 821 4232 pipern
845 4169 870 4220 V
942 4173 992 4220 54³
1011 4167 1123 4220 alchides
1145 4169 1170 4220 V
1235 4171 1318 4218 teren-

111 4243 122 4262 '
210 4252 278 4304 obus
293 4255 416 4304 1555555
486 4259 536 4304 545
555 4255 646 4302 ovante
666 4262 703 4318 p:
721 4256 799 4302 ouant
816 4256 845 4314 V,
865 4257 982 4304 montem
991 4253 1045 4302 11²
1111 4257 1161 4304 545
1180 4268 1237 4304 oum
1254 4252 1320 4304 cour

210 4341 231 4386 θ
267 4369 275 4376 -
297 4343 366 4388 artus
388 4339 418 4398 0,
439 4351 521 4394 armos
540 4339 660 4388 Hessos
