3086 4968
673 441 762 482 ousur
779 441 812 482 n.
1049 419 1052 428 ⁴
1201 439 1296 480 nram

185 615 265 677 sima
287 617 388 676 tamen
411 610 582 673 coniectura
604 609 707 670 elicuit
728 609 797 671 birro
813 609 1003 672 Tibmeaam.
1039 607 1118 688 quod
1140 605 1172 668 in
1191 605 1218 670 0
1237 607 1295 670 tuit

184 717 256 782 ade
283 719 446 799 Tymauos,
475 716 555 776 unde
583 714 729 794 Tymauos
750 709 854 772 Carrio
876 727 1035 792 perperam
1056 709 1196 785 coniecit,
1224 711 1294 772 vide

185 840 280 901 quam
299 820 423 901 propius
444 818 568 880 accedat
588 817 627 878 ad
639 814 780 878 Vaticani
800 814 986 894 scripturam
1000 831 1090 893 quam
1111 814 1197 875 adid
1216 815 1297 895 quod

184 923 346 986 Valerium
373 922 531 1002 scripsisse
556 922 671 982 oerbrm
695 920 750 978 est
778 951 820 962 -
842 917 910 978 libri
938 917 1058 999 septimi
1084 937 1209 978 versum
1232 922 1295 980 183

184 1026 333 1089 Heinsius
354 1025 489 1086 restituit
506 1024 640 1086 scribens
659 1021 807 1104 Impediat
827 1041 864 1082 aa
884 1024 984 1103 coepta
1005 1025 1084 1084 ame.
1121 1013 1201 1101 quod
1223 1020 1296 1084 Oar-

186 1131 233 1191 rio
254 1129 287 1188 in
306 1128 382 1190 libro
403 1147 459 1188 suo
480 1128 575 1189 tuisse
597 1127 728 1188 testatus
749 1126 798 1186 est
820 1124 867 1186 Ne
888 1123 1032 1206 impediat
1050 1145 1127 1186 nanc
1147 1128 1212 1186 acta
1224 1127 1295 1186 ame

166 1236 315 1316 'propter
337 1231 490 1292 elisionem
511 1229 735 1312 monosyllabae
757 1227 841 1290 vocis
859 1225 891 1287 in
906 1226 1048 1315 principio
1062 1245 1171 1288 versus
1185 1225 1296 1288 factem

186 1337 393 1397 reiectaneum
417 1335 472 1392 est
512 1334 686 1412 corruptum
707 1331 848 1392 Vaticani
870 1329 1075 1390 testimonium
1097 1331 1296 1414 saepedictae

187 1439 327 1502 actatime
355 1435 477 1497 Valerio
507 1438 570 1497 tam
595 1435 787 1516 impudenter
815 1432 1022 1513 interpolando
1048 1434 1147 1496 locum
1174 1435 1295 1496 dedisse

187 1542 288 1624 quiris
316 1538 483 1616 intelleget.
504 1573 548 1583 -
578 1537 642 1599 VII
665 1543 726 1601 229
755 1557 810 1619 pro
838 1537 995 1617 mariana,
1023 1539 1101 1618 quod
1129 1539 1295 1601 Vaticanus

187 1644 328 1720 exhibet,
357 1642 508 1723 malignae
534 1660 600 1701 oum
620 1639 706 1702 Italis
731 1640 851 1721 scripsi,
881 1640 961 1720 qnod
988 1643 1020 1701 et
1047 1644 1214 1704 sententiae
1236 1644 1295 1705 vir-
1325 1641 1327 1644 ’

186 1749 257 1812 tute
285 1745 510 1809 commendatur
536 1746 567 1805 et
596 1743 732 1805 mutandi
759 1743 908 1805 facilitate.
935 1745 1056 1806 contra
1085 1746 1117 1806 in
1143 1745 1294 1809 Carrionis

186 1854 265 1936 libro
284 1851 427 1931 malmesb
445 1866 505 1908 non
526 1847 641 1906 tactum
662 1849 718 1908 est.
755 1847 834 1928 qnod
856 1866 914 1928 quo
935 1849 1098 1910 referretur
1112 1869 1152 1909 ne
1165 1849 1296 1926 deesset,

187 1978 206 2020 a
230 1955 310 2037 qnod
337 1953 408 2014 ante
434 1952 504 2011 acta
525 1967 618 2028 aegre
641 1950 847 2026 desideratur,
874 1950 906 2011 in
926 1950 987 2012 dia's
1006 1955 1153 2015 mutatum
1173 1956 1228 2014 est
1250 1987 1295 1998 -

186 2058 255 2122 VII
280 2059 342 2119 380
365 2073 475 2130 caerae,
498 2052 576 2133 quod
598 2052 668 2114 Itali
685 2053 806 2115 Valerio
829 2054 1033 2130 reddiderunt,
1053 2055 1085 2116 in
1105 2077 1208 2120 caeam
1223 2056 1296 2118 abiit

186 2165 221 2226 in
243 2161 399 2224 Vaticano.
435 2155 504 2216 iudo
531 2155 563 2216 in
585 2154 737 2218 Garriouis
761 2157 837 2219 libro
859 2157 977 2221 Aeaeae
996 2159 1107 2221 taetrum
1131 2165 1193 2239 cst,
1215 2162 1296 2242 quod

187 2267 300 2329 mirum
322 2262 467 2344 quantum
493 2258 627 2337 languet.
660 2262 695 2321 nt
717 2261 834 2322 numeri
856 2263 986 2338 starent,
1015 2263 1106 2324 etiam
1126 2283 1189 2325 rox
1211 2267 1294 2325 ante-

188 2368 317 2445 cedens,
337 2381 414 2446 qnae
436 2362 594 2424 sanissima
616 2367 672 2439 est,
693 2361 886 2440 deformando
905 2367 972 2426 erat
993 2367 1025 2426 et
1045 2386 1100 2447 pro
1112 2366 1193 2430 baad
1207 2369 1296 2430 older

188 2469 383 2534 scribendum
403 2464 484 2528 baad
506 2466 577 2527 atta.

296 2573 383 2643 Quae
404 2569 470 2631 aliis
490 2568 563 2630 locis
587 2568 667 2630 iuter
687 2568 868 2630 Vaticanum
893 2574 924 2632 et
944 2569 1096 2634 (lanionis
1117 2572 1226 2634 librum
1247 2576 1297 2634 cst

189 2675 360 2756 scripturae
382 2673 584 2754 discrepantia
610 2691 678 2734 eum
704 2672 892 2736 librariorum
912 2676 1106 2755 neglegentia
1128 2679 1160 2738 et
1179 2677 1297 2739 inscitia

189 2778 338 2859 explicari
356 2796 417 2838 non
436 2776 548 2857 possit,
569 2776 639 2836 inde
659 2777 825 2856 repetenda
844 2777 978 2854 videtin,
1000 2779 1079 2858 quod
1099 2781 1219 2841 criticus
1243 2780 1296 2841 ali·

189 2882 260 2964 quis
274 2880 390 2942 Valerii
410 2882 504 2942 verba
515 2879 576 2942 'aut
597 2881 721 2960 propter
733 2879 867 2960 ipsorum
878 2881 1091 2942 obsouritatem
1105 2886 1158 2942 aut
1171 2885 1296 2966 propter

187 3005 294 3046 rerum
315 2982 521 3046 difficultatem
543 3001 603 3042 non
624 2981 777 3044 intellecta
794 2984 938 3045 mutanda
952 3003 1021 3044 csse
1035 2986 1169 3066 putabat.
1199 2988 1294 3048 1535

189 3087 334 3152 Vaticani
364 3086 544 3166 scripturam
579 3085 617 3146 ab
646 3085 809 3147 editoribus
837 3087 1008 3165 neglectam
1034 3089 1199 3150 restituens
1227 3091 1297 3152 dedi

187 3194 321 3272 eumque
338 3189 475 3270 facultas
502 3188 570 3250 diac
604 3189 683 3250 mibi
708 3209 764 3252 aar
791 3193 892 3253 varios
920 3194 1067 3254 arueram
1088 3213 1149 3274 per
1177 3195 1297 3256 saccata

187 3313 283 3376 repes.
317 3293 388 3355 fecit
410 3293 490 3353 enim
511 3290 652 3353 Valerius
673 3291 778 3354 lovem
799 3293 961 3370 moenam,
989 3313 1057 3355 cnm
1077 3295 1140 3356 lata
1162 3296 1297 3358 dedisset

187 3397 269 3458 filios
298 3397 335 3456 ab
364 3396 429 3477 ipso
460 3397 633 3475 procreatos
660 3395 793 3456 nondum
814 3397 845 3457 in
866 3397 954 3457 terris
977 3398 1088 3474 tuisse,
1110 3417 1236 3480 eamque
1258 3403 1295 3462 ob

188 3517 314 3561 eausam
333 3499 405 3561 iusti
424 3499 598 3559 facultatem
620 3517 653 3558 sc
675 3498 817 3560 habuisse
836 3501 855 3560 i.
871 3518 895 3560 e.
909 3500 1039 3581 partium
1052 3501 1151 3564 studio
1166 3521 1297 3566 vacuum

188 3604 355 3664 decernere
377 3601 530 3683 petiisse,
558 3617 613 3660 aar
637 3600 712 3662 alios
734 3603 805 3664 alibi
824 3621 915 3683 reges
933 3599 1138 3668 constitueret
1175 3608 1296 3670 insolite

189 3705 314 3786 quidem
335 3724 390 3766 aar
412 3704 524 3765 dictim
550 3707 611 3780 est,
639 3704 693 3764 sed
715 3725 799 3782 cam,
821 3708 901 3787 quod
921 3705 993 3768 Pius
1014 3709 1141 3784 coniecit
1166 3716 1197 3772 et
1218 3711 1295 3775 Bur-

187 3827 320 3870 mannus
343 3807 452 3888 aliique
473 3809 668 3886 receperunt,
696 3828 875 3890 quamquam
895 3829 951 3891 per
973 3831 1007 3871 se
1029 3813 1218 3894 aptissimum
1239 3820 1296 3887 est,

189 3909 272 3989 quod
298 3909 404 3969 eadem
431 3908 691 3972 coniunctionem
717 3930 753 3971 eo
780 3911 830 3992 qui
856 3915 1007 3976 antecedit
1031 3935 1136 3977 versui
1154 3916 1295 3978 Valerius

188 4032 267 4074 usus
290 4014 352 4088 est,
372 4011 519 4092 displicet.
556 4015 660 4074 contra
682 4015 794 4074 absona
815 4018 886 4077 sunt
905 4037 993 4099 quam
1015 4018 1144 4078 maxime
1166 4038 1242 4100 quae
1264 4021 1296 4082 in

188 4117 269 4178 libro
297 4114 446 4178 Carrionis
476 4115 598 4176 neuma
623 4117 752 4198 tuaique
777 4117 916 4196 facultas
947 4121 1018 4184 baec
1043 4122 1134 4197 mebi,
1168 4126 1202 4184 at
1227 4125 1296 4188 bino

191 4222 294 4284 varior
319 4221 465 4281 arueram
487 4238 547 4300 per
573 4220 691 4282 saeculo
717 4241 802 4302 reyes
821 4222 839 4284 i.
854 4241 879 4283 e.
903 4221 975 4283 iusti
1000 4222 1173 4285 facultatem
1196 4226 1295 4306 habui,

190 4325 228 4385 ut
249 4341 316 4384 eam
331 4323 377 4384 ¹ob
406 4338 527 4383 causam
553 4321 653 4384 varios
680 4341 770 4402 reges
793 4326 1012 4388 constituerem.
1034 4361 1073 4374 —
1098 4331 1115 4392 Ι
1137 4331 1200 4392 547
1225 4351 1296 4412 qno-
