3110 4972
534 437 756 480 manamaur(
776 437 861 480 amaa
875 437 916 479 IV.

254 589 383 672 virginis
405 589 504 656 Iasiae
524 592 650 654 blandos
672 591 854 653 descendere
874 591 914 652 ad
933 591 1029 670 ignes.

257 696 350 757 sentit
371 693 448 758 Iuno
471 693 555 756 dolos
577 713 708 774 curaque
731 711 858 756 accensa
877 693 973 774 iugali

171 809 174 824 '
223 809 227 814 '
255 800 378 860 aethere
404 797 539 872 desiluit3
560 797 709 860 dominam
729 795 859 879 Lyrceia
880 799 971 860 tellus
1068 823 1072 828 ·
1184 821 1187 827 ’
1212 808 1273 868 355

256 905 402 982 antraque
424 902 592 983 deprensae
609 902 799 962 tremuerunt
822 902 941 964 conscia
962 903 1078 984 culpae,

255 1025 324 1067 cum
343 1005 462 1087 trepida
481 1005 623 1068 inachiae
644 1005 755 1085 paelex
776 1004 857 1066 subit
876 1023 930 1068 ora
950 1005 1096 1068 iuvencae

257 1111 365 1190 sponte
388 1107 450 1182 dei;
470 1108 579 1186 plausu
601 1107 684 1168 fovet
697 1087 779 1168 hanc
800 1110 832 1169 et
849 1110 974 1188 pectora
991 1111 1118 1172 mulcet·

256 1210 333 1273 Iuno
355 1209 504 1272 renidenti
527 1208 668 1272 cohibens
691 1209 821 1291 suspiria
845 1212 940 1274 vultu.

173 1343 177 1364 ι
214 1325 221 1376 t
256 1333 327 1376 mox
347 1314 391 1375 ita
411 1313 519 1374 adorta
539 1310 659 1374 Iovem:
682 1312 721 1374 da
742 1331 832 1392 quam
853 1316 940 1376 modo
963 1317 1074 1380 ditibus
1094 1317 1188 1402 Argis
1211 1327 1275 1390 360

257 1436 380 1499 campus
402 1415 457 1478 alit'
476 1415 590 1498 primae
612 1416 793 1478 referentem
814 1436 925 1480 cornua
947 1418 1083 1483 Phoebes

195 1549 198 1556 ·
257 1519 491 1601 indomitamque
512 1521 636 1595 hovem,
659 1518 698 1582 da
720 1537 808 1580 carae
828 1539 955 1584 munera
975 1527 1094 1606 nuptae⁴

256 1623 323 1705 ipsa
344 1643 402 1702 ego
424 1623 552 1684 dilectae
572 1622 680 1702 pecudi
700 1622 761 1684 iam
781 1641 894 1704 pascua
916 1625 1008 1705 digua

256 1725 493 1807 praecipuosque
512 1724 614 1802 legam
634 1725 740 1787 fontes.
785 1745 845 1806 qua
867 1727 965 1789 fronte
988 1737 1122 1815 negaret,

176 1831 178 1836 '
257 1832 310 1890 aut
331 1848 407 1908 quos
428 1828 571 1890 inventus
590 1826 730 1890 tinxisset
750 1827 887 1912 Iuppiter
908 1835 1012 1894 astus?
1181 1846 1272 1906 ¹365

256 1931 390 1993 muneris
412 1931 466 1993 illa
486 1932 596 2013 potens
619 1931 775 1992 custodem
793 1934 930 2012 protinus
951 1935 1071 2016 Argum

256 2035 408 2114 adiungit3
431 2038 533 2098 custos
554 2033 658 2113 Argus
680 2036 793 2115 placet,
815 2036 910 2100 inscia
931 2041 1027 2101 somni

258 2139 371 2200 lumina
393 2157 453 2198 non
475 2137 562 2199 stiter
584 2138 648 2198 toto
671 2137 719 2198 cui
739 2138 869 2220 vertice,
893 2145 1028 2220 quamsi

257 2241 346 2324 Lyda
366 2259 461 2303 nurus
484 2259 588 2320 sparso
609 2241 686 2302 telas
708 2243 904 2304 maculaverit
925 2247 1015 2309 ostro.

226 2347 230 2354 ’
259 2345 364 2426 Argus
386 2344 471 2406 etin
492 2343 631 2423 scopulos
654 2347 686 2404 et
706 2346 848 2408 monstris
868 2349 989 2410 horrida
1008 2351 1105 2412 lustra
1213 2362 1277 2422 370

258 2451 379 2532 ignotas
400 2447 485 2508 iubet
505 2447 549 2508 ira
569 2446 635 2508 vias
657 2447 717 2509 heu
736 2448 833 2512 multa
852 2453 1019 2512 morantem

258 2556 474 2633 conantemque
496 2569 603 2632 preces
624 2549 799 2633 inclusaque
819 2556 941 2634 pectore
961 2556 1061 2618 rerba

259 2659 364 2719 nih'ma
385 2659 450 2717 tum
471 2655 586 2736 patriae
609 2657 722 2727 *cedens
743 2657 826 2719 dedit
848 2660 950 2721 oscula
969 2659 1061 2742 ripae.

257 2760 342 2822 flevit
362 2760 549 2842 Amymone,
570 2760 681 2821 flerunt
701 2759 871 2822 Messeides
889 2763 996 2842 undae,

259 2863 343 2924 flevit
365 2866 398 2922 et
418 2861 522 2923 effusis
542 2882 689 2926 revocans
710 2862 848 2944 Hyperia
867 2865 995 2926 lacertis.
1186 2895 1189 2904 ·
1214 2875 1276 2936 375

258 2967 311 3028 illa
331 2965 383 3025 ubi
403 2967 455 3026 vel
475 2967 548 3026 fessi
570 2967 735 3028 tremerent
751 2967 902 3029 erroribus
925 2969 1019 3043 artus,
1090 2973 1092 2976 ’

260 3069 311 3129 vel
333 3071 437 3127 rueret
459 3087 574 3129 summo
596 3069 657 3130 iam
678 3070 806 3149 frigidus
829 3071 950 3132 aethere
974 3091 1093 3153 vesper,

272 3333 330 3382 337
345 3327 461 3380 inachiae
481 3331 526 3380 M:
557 3329 687 3380 inachaiae
710 3331 735 3380 V
820 3328 932 3392 perere
1052 3335 1102 3382 368
1122 3333 1182 3384 huic
1197 3337 1279 3388 Heta-

175 3418 227 3465 ss'as
331 3418 380 3465 353
399 3413 525 3466 reoidenti
549 3416 573 3465 V
693 3419 744 3466 360
760 3413 808 3480 ita]
830 3417 856 3466 ct
873 3416 994 3464 Heinsius
1100 3421 1149 3469 361
1169 3421 1280 3483 phoebea

179 3503 205 3552 V
304 3503 354 3550 363
371 3515 444 3552 caras
462 3503 506 3550 M:
524 3515 612 3552 caraxe
635 3502 661 3553 V
726 3515 829 3551 munere
847 3503 910 3550 Bos.
1015 3505 1065 3551 364
1082 3503 1281 3574 perspicuasque

174 3585 296 3636 Heinsius
364 3584 447 3636 fronte
465 3587 638 3648 Peerlkampur
654 3589 688 3636 ad
707 3587 780 3652 Vcrp.
803 3587 867 3636 Aen.
886 3583 924 3636 IV
944 3590 1004 3638 128:
1028 3585 1115 3640 hands
1140 3591 1177 3642 Vc
1267 3599 1269 3604 “

175 3675 225 3722 365
243 3669 359 3722 finxisset
377 3674 565 3734 Pccrltarnpos:
589 3671 716 3724 6366666666
738 3674 773 3724 Vc
855 3673 940 3722 aestus
962 3673 989 3724 0.
1014 3671 1131 3726 iurantes
1155 3676 1283 3733 timuisset

175 3755 274 3821 Iupiter
290 3759 362 3808 astus
376 3766 415 3825 ψ,
442 3759 495 3810 Aut
513 3773 622 3824 quonam
637 3757 764 3808 iuvenum
780 3760 818 3808 oct
829 3756 931 3808 invento
948 3756 1074 3808 renuisset
1090 3758 1207 3825 Iuppiter
1223 3770 1281 3817 astu

175 3844 311 3904 1166666666,
329 3842 381 3894 Aut
399 3859 461 3908 qnos
478 3843 595 3896 inventus
610 3843 732 3896 movisset
750 3841 867 3908 Iuppiter
886 3845 955 3894 astus
966 3845 1005 3894 oct
1020 3842 1072 3894 Aut
1090 3859 1152 3908 quos
1169 3847 1281 3902 intentui

175 3926 302 3978 timuisset
322 3926 439 3993 Iuppiter
456 3931 526 3979 astus
545 3932 717 3990 Romaanus,
739 3929 791 3980 Aut
809 3942 872 3992 quos
889 3927 1005 3978 inventos
1022 3929 1147 3982 tenuisset
1163 3931 1281 3998 iuppiter

176 4015 246 4064 astus
269 4015 446 4066 Msstlmsd.
468 4016 757 4076 6666116332
878 4018 928 4064 368
946 4011 1013 4076 toto]
1034 4012 1161 4083 lucentsp
1257 4020 1261 4026 ’

177 4101 227 4150 aea
246 4096 313 4152 hida
330 4099 355 4149 V
419 4097 589 4154 maculaverat
604 4114 666 4152 auro
684 4100 808 4150 Francius
905 4102 954 4150 373
973 4096 1184 4165 cunctantemque
1200 4102 1285 4158 Etim

178 4185 231 4232 stus
299 4197 405 4248 praeces
427 4185 453 4236 V
561 4187 612 4235 su
631 4183 789 4236 amhuomone
806 4184 841 4236 Μ
854 4181 997 4250 (amymone
1016 4190 1149 4236 conectam
1164 4189 1212 4252 est)

177 4267 316 4320 Messeides
336 4276 373 4335 ψι
391 4267 562 4322 messanidaes
584 4270 614 4328 V,
633 4269 803 4337 messoniqdea
821 4265 1077 4328 Μ,ι66666616660
1131 4291 1133 4296 ·
1174 4277 1225 4326 376
1242 4289 1283 4327 rei

177 4354 257 4404 boans
275 4355 424 4418 Rutpersias
442 4369 494 4404 aar.
514 4356 569 4404 lect.
588 4352 658 4402 1111

1031 4418 1078 4482 8*
