3086 4968
673 384 762 426 CAPUT
785 385 806 426 1.
1204 383 1289 430 mn

182 555 272 616 otrom
290 571 378 614 cocao
397 533 529 634 pecude
549 571 703 634 supremos
722 552 771 614 hic
793 551 928 632 sequitur
948 552 980 612 in
998 551 1146 614 Vaticano
1165 554 1196 616 ei
1212 555 1292 618 miti

182 676 218 718 ao
238 671 326 718 ccam
344 659 434 718 etiam
455 658 586 738 motare
612 674 773 738 suprema
808 654 948 716 nimirum
968 654 1112 728 Valerius
1131 656 1288 718 intellexe-

181 761 245 834 rat,
266 759 360 820 verbo
386 757 576 820 substantivo
606 758 715 820 omisso
737 759 895 820 obscuram
916 757 982 844 fieri
1003 757 1183 823 sententiam
1210 779 1288 839 quae
1386 837 1388 844 Ι

181 861 257 922 haec
279 863 342 924 est:
362 861 436 922 satis
457 863 541 922 esset
560 861 635 924 flere
655 879 704 922 me
722 863 840 922 labores
862 863 948 937 tuos,
967 861 1022 922 sed
1044 865 1181 942 spectare
1196 863 1288 924 etiam

181 983 272 1025 casus
293 967 363 1025 tuos
384 967 538 1026 extremos
559 983 658 1045 cogar.
697 965 800 1044 itaque
820 965 949 1026 alterum
970 983 1094 1026 versum
1108 966 1231 1046 addidit,
1252 969 1288 1030 nt

180 1067 289 1128 limans
312 1085 388 1147 opus
408 1070 441 1128 ct
460 1069 631 1149 perpoliens
659 1087 729 1130 eum
750 1067 899 1149 reciperet
920 1065 972 1145 qui
992 1071 1148 1146 praestare
1171 1069 1287 1132 videre-

181 1174 240 1231 tur.
276 1169 320 1232 sic
341 1173 442 1231 autem
460 1171 536 1232 haec
557 1173 652 1234 verba
669 1171 865 1252 interpretor:
887 1189 972 1232 ome
985 1170 1139 1233 miseram!
1160 1173 1288 1234 modone
1420 1234 1423 1238 .

181 1277 336 1334 extremos
365 1274 434 1334 tuos
456 1292 545 1335 casus
567 1277 705 1354 spectare
726 1293 824 1354 cogar.
866 1275 996 1336 sortasse
1023 1275 1122 1336 erravi
1145 1276 1224 1357 quod
1244 1297 1285 1338 ex

179 1377 229 1438 his
250 1376 391 1438 versibus
413 1375 544 1457 priorem
564 1377 698 1459 recipere
718 1379 818 1440 malui.

282 1478 376 1541 Aliud
396 1485 608 1558 argumentum
629 1500 687 1561 quo
711 1497 831 1542 carmen
850 1500 909 1544 non
929 1482 1121 1544 emendatum
1135 1501 1204 1544 csse
1217 1503 1286 1564 pro-

178 1582 271 1659 batur
293 1603 329 1645 eo
347 1585 474 1659 constat,
495 1585 575 1664 quod
597 1584 645 1643 cst
666 1583 718 1643 ubi
738 1586 828 1663 poeta
841 1584 907 1664 ipse
921 1603 1023 1646 secum
1036 1588 1160 1666 pugnet.
1191 1588 1287 1652 veluti

179 1703 270 1746 nemo
299 1685 402 1766 quiin
423 1687 499 1747 libro
524 1687 655 1748 secundo
677 1703 706 1746 v.
724 1687 905 1748 174-189
929 1687 1081 1748 Venerem
1103 1689 1134 1749 in
1155 1689 1287 1770 imagine

179 1787 323 1869 Dryopes
337 1789 518 1850 Lemniades
541 1791 581 1850 ad
603 1787 747 1867 coniuges
765 1788 987 1850 interficiendos
1008 1791 1196 1854 adhortatam
1217 1813 1287 1856 esse

178 1891 304 1970 legerit,
340 1892 420 1972 quod
445 1892 551 1952 eadem
577 1892 667 1972 paulo
695 1894 765 1972 post
789 1913 818 1953 v.
836 1896 897 1954 197
926 1912 943 1952 e
969 1893 1051 1954 caelo
1079 1894 1111 1956 in
1138 1895 1287 1960 Lemnum

175 1995 338 2056 desiluisse
367 1999 506 2058 narratur
534 2015 595 2058 non
622 1995 786 2058 mirabitur.
808 1995 940 2056 —libri
967 1995 1049 2058 tertii
1076 2015 1200 2058 versum
1222 2002 1284 2062 328
1351 2039 1357 2064 t

179 2098 320 2180 Baptista
346 2100 417 2162 Pius
445 2102 477 2159 et
494 2099 669 2178 Wagnerus
697 2100 729 2160 in
757 2117 824 2160 eam
849 2101 966 2180 partem
994 2099 1185 2180 interpretati
1207 2105 1286 2180 sunt,

179 2205 216 2262 nt
239 2201 350 2284 Clyten
372 2205 509 2283 questam
535 2221 604 2264 esse
624 2205 781 2284 putarent,
809 2203 889 2283 quod
909 2201 1038 2282 (lyricus
1063 2205 1125 2264 tam
1145 2205 1232 2266 tarde
1254 2206 1286 2266 in
1336 2235 1353 2255 ν

180 2306 287 2366 urbem
317 2311 349 2367 et
375 2307 542 2368 thalamum
566 2306 686 2368 rediret
719 2306 774 2366 sed
795 2324 902 2366 vereor
921 2306 978 2366 hac
999 2305 1197 2386 explicatione
1218 2325 1285 2389 pro·

180 2409 252 2470 bata
272 2429 312 2470 ne
329 2410 377 2471 vis
398 2409 452 2472 fiat
472 2413 579 2492 poetae
600 2409 711 2484 verbis,
733 2428 750 2468 e
774 2407 881 2488 quibus
902 2427 963 2469 non
984 2408 1074 2468 aliam
1095 2409 1204 2471 elicere
1216 2431 1285 2492 pos·

182 2531 249 2572 sum
273 2513 482 2589 sententiam,
516 2514 575 2575 nisi
611 2515 749 2592 questam
783 2531 853 2572 esse
890 2509 1014 2593 Clyton,
1047 2515 1126 2593 quod
1156 2513 1285 2596 Oyzious

180 2617 299 2676 tentum
318 2615 460 2697 temporis
479 2619 679 2692 cunctaretur,
701 2615 877 2695 priusquam
898 2635 915 2676 e
936 2616 1075 2678 thalamis
1093 2617 1132 2678 ad
1152 2633 1287 2698 pugnam

179 2716 347 2784 faciendam
367 2719 477 2793 exiret;
499 2724 527 2782 ta
546 2719 626 2782 enim
646 2718 847 2800 supplendum
866 2723 914 2780 est
934 2723 966 2780 ct
979 2721 1122 2783 thalamis
1136 2721 1286 2784 ablativus

181 2839 235 2900 pro
263 2823 297 2883 io
322 2823 543 2903 praepositione
574 2843 642 2884 oum
670 2822 801 2886 ablativo
829 2822 1001 2884 sumendus.
1042 2842 1119 2919 quqe
1139 2823 1285 2906 interpre·
1358 2851 1359 2854 ¹

181 2924 255 2985 tatio
276 2927 303 2985 si
325 2945 399 2988 vera
423 2930 480 3003 est,
502 2927 551 2988 hic
568 2945 676 3000 versus
697 2927 815 3005 pugnat
836 2944 904 2986 cum
918 2925 1163 3007 quinquagesimo
1179 2931 1285 2992 octavo

182 3030 214 3087 et
237 3028 276 3088 iis
303 3029 355 3109 qui
375 3033 533 3106 secuntur,
557 3029 665 3110 quibus
692 3025 849 3108 Cyzicum,
877 3029 929 3088 nbi
956 3030 1115 3109 strepitum
1136 3049 1286 3094 armorum

181 3129 356 3208 audivisset,
377 3133 516 3196 continuo
538 3153 557 3194 a
576 3134 655 3194 lecto
676 3130 836 3192 desiluisse
859 3133 891 3192 et
905 3131 943 3192 ad
958 3151 1092 3213 pugnam
1106 3153 1286 3214 properasse

180 3237 336 3296 narratum
358 3239 413 3298 est.
446 3237 501 3298 sed
523 3255 591 3298 cnm
612 3235 690 3324 tales
705 3233 855 3315 querellae
874 3235 972 3295 ardori
986 3235 1104 3313 amoris,
1123 3256 1181 3315 quo
1196 3235 1286 3318 Olyte

181 3356 249 3398 cnm
273 3333 399 3419 OyzioO,
429 3340 476 3400 cui
497 3343 644 3419 nupserat
668 3336 772 3411 modo,
799 3335 957 3398 coniuncta
980 3343 1058 3414 erat,
1087 3357 1195 3419 parum
1216 3359 1285 3402 oon-

181 3440 321 3516 vcniant,
340 3442 469 3503 fortasse
487 3461 596 3504 versus
619 3445 683 3504 328
705 3441 748 3502 ita
769 3440 973 3502 emendandus
995 3443 1059 3518 eet,
1085 3444 1120 3504 ut
1139 3443 1287 3506 scribatur

180 3546 253 3624 quio
280 3563 300 3605 a
325 3545 467 3608 thalamis
494 3545 580 3607 modo
608 3548 710 3626 questo
730 3548 853 3606 morari.
876 3579 919 3588 -
943 3544 1077 3606 eiusdem
1104 3545 1172 3608 libri
1193 3567 1287 3610 versu

183 3649 243 3708 341
275 3647 469 3729 Hypsipylen
503 3650 621 3710 vestem
653 3649 752 3723 illam,
785 3667 874 3726 quam
905 3647 1008 3710 Iasoni
1039 3650 1116 3712 dono
1153 3651 1288 3728 dederat,

182 3752 295 3812 austris
318 3751 514 3830 Argonautas
542 3752 581 3812 ad
603 3751 662 3811 iter
682 3749 915 3812 continuandum
934 3753 1111 3815 vocantibus
1133 3755 1292 3816 festinanti

181 3873 273 3916 mann
294 3854 429 3916 texuisse
449 3857 540 3935 poeta
560 3855 704 3931 narravit,
724 3858 877 3934 tamquam
899 3856 936 3916 ab
948 3855 1058 3918 Iasone
1071 3857 1111 3918 ad
1124 3875 1285 3936 properan-

182 3957 254 4018 dum
283 3958 417 4018 laborem
449 3957 599 4019 admonita
630 3958 720 4018 esset.
767 3976 844 4036 quae
875 3977 962 4020 nemo
993 3979 1054 4020 non
1082 3960 1167 4022 videt
1197 3977 1286 4039 quam

181 4079 289 4140 parum
321 4066 393 4142 apta
416 4061 477 4122 sint
499 4063 537 4124 ad
563 4060 632 4122 libri
654 4059 779 4120 secundi
799 4079 906 4123 versus
927 4065 989 4124 393
1012 4081 1090 4141 sqq,
1113 4062 1165 4122 ubi
1187 4062 1285 4125 subito

182 4163 356 4244 Minyarum
392 4163 528 4226 discessu
561 4163 741 4224 Lemniades
778 4167 961 4245 quantopere
999 4163 1150 4226 adtonitae
1183 4169 1286 4228 essent

182 4265 325 4328 Valerius
351 4267 455 4329 multis
484 4267 585 4328 verbis
611 4266 779 4347 descripsit.
800 4266 910 4328 -IV
932 4270 996 4328 200
1019 4265 1168 4347 Amycum
1189 4270 1285 4332 solum
