3110 4972
575 477 796 520 ARGOMVTICON
817 477 902 519 amns
915 477 944 518 V.

295 631 484 714 Tyndaridas
504 632 570 714 ipse
591 631 717 710 egregio
739 629 942 712 supereminet
961 648 1021 691 ore.

293 755 353 798 non
377 755 478 815 secus,
503 739 645 796 untrrmno
669 753 758 815 quam
779 754 848 796 cum
868 733 966 814 magis
984 734 1106 814 asperet
1126 732 1213 813 ignes

295 837 390 901 Sirius
412 841 445 900 et
468 855 560 900 saevo
582 855 650 899 cum
670 856 734 898 nox
757 837 930 899 accenditur
951 856 1023 898 auro

292 942 432 1004 luciferas
453 940 559 1012 crinita
580 941 675 1017 faces,
696 939 787 1000 hebet
808 938 905 1002 Arcas
927 943 959 1002 et
979 940 1088 1020 ingens
1173 977 1178 988 ·
1248 941 1312 1002 370

293 1043 446 1126 Iuppiter;
468 1046 517 1104 ast
536 1042 621 1104 illum
640 1044 726 1103 tento
746 1062 807 1104 non
829 1044 957 1124 gliscere
977 1043 1059 1106 caelo

293 1147 389 1209 vellet
407 1165 495 1226 ager,
517 1145 633 1208 vellent
654 1145 757 1206 calidis
778 1147 839 1208 iam
862 1148 994 1209 fontibus
1016 1163 1129 1208 amnes.

293 1249 413 1331 regine,
434 1249 560 1311 attonito
583 1267 762 1330 quemqnam
779 1269 875 1331 panor
897 1269 948 1310 ore
971 1249 1111 1310 silentem

294 1351 461 1433 exanimet,
481 1353 590 1414 mirata
610 1355 710 1413 tamen
731 1353 913 1434 paulumque
934 1350 1068 1414 reductis

288 1456 433 1540 vpassibus
454 1456 486 1518 in
507 1456 570 1518 eolo
593 1454 709 1536 stupuit
726 1455 810 1518 duce.
854 1476 910 1518 nec
930 1455 1029 1518 minus
1048 1455 1127 1518 inter
1248 1457 1312 1520 375

293 1559 345 1620 ille
368 1560 413 1621 tot
433 1558 529 1638 ignoti
544 1558 647 1621 ‘socies
669 1559 775 1638 gregis
793 1555 899 1622 haeret
919 1560 951 1622 in
972 1579 1033 1622 une

294 1661 413 1723 defixus
435 1661 586 1742 sentimne
611 1660 719 1722 ducem
741 1661 950 1744 dominamque
970 1664 1119 1724 catervae.

289 1755 331 1826 ‘si
348 1765 422 1841 dea,
444 1763 471 1826 si
491 1762 596 1843 magni
617 1762 710 1825 decus
729 1764 788 1826 huc
809 1754 889 1826 ades'
913 1762 1010 1846 inquit
1025 1755 1171 1846 ‘Olympi

294 1867 351 1928 has
373 1886 431 1948 ego
455 1867 544 1928 oredo
562 1865 659 1943 faces,
680 1866 754 1928 haec
774 1867 903 1948 virginis
923 1885 976 1929 ora
995 1866 1121 1946 Dianae,

295 1971 387 2050 teque
410 1955 584 2032 renedatem
604 1968 754 2049 pharetris
775 1989 810 2031 ac
831 1990 906 2052 pace
926 1971 1076 2032 fruentem
1250 1971 1315 2032 380

294 2074 334 2135 ad
354 2091 411 2134 sua
435 2069 606 2136 Caucaseae
628 2073 797 2154 producunt
817 2074 940 2136 flumine
959 2072 1128 2157 Nymphae.

292 2174 318 2238 si
340 2177 499 2238 demusin
521 2173 610 2236 terris
633 2175 730 2257 adque
749 2177 820 2238 hinc
841 2177 895 2239 tibi
917 2177 1019 2256 gentis
1041 2176 1135 2256 origo,

291 2279 365 2342 felix
386 2279 470 2361 prole
494 2297 620 2359 parens,
642 2278 770 2358 olimque
790 2279 907 2341 beatior
926 2280 988 2356 ille,

288 2369 343 2463 ¹qui
360 2380 465 2444 tulerit
484 2381 583 2461 longis
606 2382 638 2442 et
659 2383 691 2441 te
714 2382 770 2443 sibi
792 2366 926 2444 iunxerit
947 2381 1041 2444 annis.

293 2486 348 2546 sed
369 2485 415 2546 fer
438 2504 541 2566 opem,
563 2483 685 2564 regina,
707 2484 790 2546 viris.
834 2505 890 2548 nos
911 2485 1030 2567 hospita
1049 2487 1146 2566 pubes
1250 2487 1314 2550 383

291 2588 483 2665 advehimur‚
506 2585 631 2650 Graium
649 2607 791 2669 proceres
813 2592 867 2653 tua
888 2591 970 2651 tecte
991 2591 1140 2669 petentes.

291 2691 364 2769 duc,
385 2710 508 2771 precor,
531 2691 570 2752 ad
591 2689 688 2751 vestri
710 2689 888 2774 quicumque
909 2695 957 2755 est
980 2713 1032 2758 ore
1053 2693 1183 2776 tyranni,

291 2811 328 2854 ac
350 2795 385 2856 tu
405 2794 503 2874 prima
524 2794 597 2855 doce
618 2792 700 2854 fandi
720 2795 900 2878 tempusque
922 2796 1111 2880 modumque.

289 2913 360 2956 nam
380 2896 452 2958 mihi
474 2887 600 2958 sollicito
623 2883 699 2957 dens
721 2896 888 2978 ignaroque
911 2900 1043 2964 locorum

291 2998 322 3057 te
345 2997 443 3073 dedit;
465 2999 550 3060 inte
573 2998 688 3059 enimes
711 2999 808 3078 adque
832 3003 930 3065 omnia
952 3009 1057 3067 nostra
1076 2985 1205 3086 repono.³
1251 3006 1315 3065 390

308 3287 359 3335 367
384 3281 535 3333 Tindaridas
559 3283 585 3333 V
727 3287 777 3334 388
803 3288 936 3335 autumnos
958 3287 1117 3336 Burmannus
1225 3301 1316 3353 sapere

202 3370 290 3418 omisso
306 3367 381 3432 ignee
400 3369 434 3418 Μ
541 3371 592 3418 370
611 3365 754 3417 Luctiferas
773 3370 932 3421 Burmannus
1034 3371 1241 3437 hebetantem
1259 3389 1316 3424 eun·

202 3457 259 3505 s'ess't
276 3453 443 3515 &teuteuslt
459 3452 537 3504 hebet
559 3453 585 3504 V
655 3443 657 3448 ’
674 3455 724 3502 373
743 3452 854 3505 lontibus
877 3455 1047 3524 purioribus
1064 3459 1095 3519 V,
1115 3457 1217 3510 roribus
1234 3461 1315 3510 Heln·

203 3540 256 3589 ss'us
324 3543 374 3590 373
393 3555 475 3604 pavor
492 3554 536 3588 ore
555 3545 589 3604 rt:
610 3533 745 3603 pauor&
768 3541 793 3590 V
808 3539 831 3605 (l
844 3556 940 3591 nusum
956 3541 1078 3608 edetur),
1103 3547 1251 3607 peuerell

201 3629 252 3676 375
270 3623 299 3673 in
315 3623 371 3674 solo
391 3625 528 3674 Hennes:
551 3623 656 3675 insolito
678 3626 721 3675 Vs.
751 3623 855 3675 insolito
878 3630 964 3692 stupet
986 3627 1014 3677 in
1032 3629 1070 3678 uel
1088 3628 1211 3694 Argolico
1230 3634 1316 3697 stupet

200 3709 229 3760 in
247 3711 472 3760 mamanensi.
494 3713 554 3771 sp.
576 3713 625 3761 10⁷
730 3715 780 3760 378
801 3709 873 3760 heret
896 3714 922 3763 V
1028 3717 1079 3764 378
1097 3712 1219 3766 edesii:
1243 3715 1316 3769 adest

205 3795 231 3848 V
318 3794 408 3861 olimpi
431 3796 457 3847 V
558 3800 608 3846 379
627 3811 673 3845 ore
691 3797 727 3845 0:
745 3809 815 3843 ermu
837 3795 862 3844 V
945 3801 996 3847 380
1013 3795 1138 3851 fruentem
1156 3809 1212 3868 que:
1229 3801 1315 3851 fimen-

200 3885 252 3932 tem
274 3883 300 3934 V
385 3885 435 3932 383
453 3881 555 3946 votique
572 3883 611 3932 oet
628 3879 783 3944 thalamique
800 3878 898 3932 beatior
916 3880 958 3931 ille
976 3891 1020 3932 aut
1038 3883 1199 3950 thalamoque
1215 3885 1315 3938 beatior

200 3964 244 4016 ille
264 3969 370 4031 (sublate
387 3966 598 4029 interpunctione)
621 3967 743 4015 Henetus
866 3970 917 4017 384
935 3970 961 4016 et
981 3971 1005 4018 tc
1022 3984 1064 4018 m:
1091 3983 1147 4019 eece
1171 3971 1197 4020 V
1306 3977 1308 3984 ’

201 4055 251 4102 385
270 4050 361 4102 Perfer
382 4053 443 4104 Aca.
549 4069 600 4104 non
618 4053 670 4104 Mc
771 4049 876 4116 hospita
892 4051 941 4100 H:
966 4052 1060 4117 hospis
1079 4055 1111 4105 V.
1143 4068 1195 4105 non
1212 4055 1317 4120 hospite

200 4135 288 4200 plebes
319 4138 441 4188 Heinsius
582 4141 632 4188 388
657 4134 762 4186 Graium
797 4151 828 4186 en
867 4139 929 4185 s'dsm
1050 4151 1169 4201 proceres
1197 4143 1242 4190 tue
1269 4142 1317 4194 11.-

200 4223 392 4284 procerestatua
416 4226 442 4275 V
552 4225 603 4273 388
629 4233 658 4271 ao
675 4225 703 4269 tn
726 4223 788 4272 Pius
806 4236 834 4270 c:
866 4222 931 4269 Astu
954 4222 984 4281 V,
1014 4223 1068 4270 Aut
1096 4225 1124 4272 tu
1149 4231 1185 4289 ψ,
1218 4226 1267 4276 Ast
1288 4229 1317 4277 tn

200 4307 322 4356 Heinsius
415 4307 619 4376 doea1p2duee
643 4307 668 4356 V
769 4309 820 4356 390
840 4302 930 4371 adque]
950 4304 994 4356 sed
1010 4308 1076 4356 erc
1166 4314 1254 4384 nostre
1271 4311 1317 4362 M:

200 4393 288 4441 nostro
310 4392 336 4443 V
1281 4413 1310 4426 ‘⁴

1023 4460 1094 4522 10*
