3110 4972
618 445 623 460 ³
682 433 706 474 0.
720 431 828 474 vnum
842 431 940 474 mccl

347 584 408 646 iam
429 587 483 647 tna
503 583 580 648 silva
599 583 693 661 ferat,
711 586 799 648 modo
822 584 883 648 siut
903 584 957 648 tibi
977 584 1103 666 sangnis
1123 588 1155 648 et
1176 581 1277 650 artue'

348 688 484 750 omnibus
501 687 581 748 idem
602 686 720 749 enimus
740 689 809 749 forti
831 690 993 750 decernere
1013 706 1127 769 pugne,

348 792 552 872 exoptantque
571 789 670 852 virum
692 796 854 873 contraque
876 810 1032 854 occmrere
1053 793 1190 872 poscunt

349 894 477 975 qualiter
497 893 610 974 ignotis
632 896 822 976 spumantem
843 894 978 956 firnditue
999 912 1117 956 amnem
1301 901 1366 959 195

346 1100 451 1182 pandit
472 1100 544 1178 iter,
566 1119 637 1162 mox
659 1119 745 1161 omne
768 1117 860 1179 pecus
881 1099 1036 1162 formidine
1057 1102 1147 1182 pulsa
1168 1137 1171 1142 ·
1248 1113 1251 1118 “

346 1223 425 1287 pone
446 1202 541 1279 subit,
560 1203 681 1282 iamque
702 1203 734 1264 et
751 1200 857 1264 mediis
878 1204 1031 1284 praecedit
1052 1205 1090 1266 ab
1112 1203 1211 1264 undis.

410 1366 454 1429 At
474 1364 615 1448 procule
637 1364 721 1427 silvis
744 1386 812 1427 sese
834 1366 1039 1450 gregrliusque
1061 1366 1177 1428 ferebat

348 1490 456 1534 saevos
478 1469 508 1529 in
531 1469 617 1530 antra
639 1468 735 1547 gigas.
779 1487 867 1548 quem
886 1488 943 1531 uec
964 1487 1020 1530 sua
1042 1470 1131 1531 turba
1153 1471 1265 1532 tuendo
1300 1473 1366 1532 200

347 1575 371 1636 it
392 1571 470 1635 tanti
491 1589 598 1648 secura
619 1573 726 1633 metus.
769 1571 906 1634 mortalia
927 1591 1076 1652 nusquam

346 1678 434 1757 signa
451 1678 573 1738 manent
579 1699 587 1751 3
610 1674 707 1736 instar
728 1673 857 1756 scopuli,
880 1675 930 1756 qui
950 1676 1100 1738 montibus
1121 1673 1190 1738 altis

345 1800 481 1843 summus
503 1779 565 1841 abit
585 1781 735 1859 longeque
755 1779 827 1858 iugo
850 1781 912 1840 stat
934 1779 1016 1841 solus
1040 1779 1078 1839 ab
1103 1779 1190 1839 omni.

347 1883 469 1946 devolat
487 1883 557 1944 inde
579 1884 698 1959 linens,
716 1901 773 1943 nec
796 1903 853 1962 quo
871 1881 922 1944 via
942 1901 1033 1943 curve
1054 1883 1180 1964 profecti

336 1985 403 2050 'nee
424 2006 521 2066 genus
544 1988 613 2048 ante
632 1988 737 2065 rogat,
760 1985 815 2044 sed
834 1984 887 2046 teli
904 1987 1046 2066 protonat
1065 1986 1124 2049 ira:
1299 1990 1365 2048 205

341 2085 488 2172 ‘incipite‚
511 2089 679 2152 oiuvenee.
724 2088 834 2149 etenim
853 2087 976 2167 fiducie,
998 2090 1096 2168 credo,

345 2197 404 2258 huc
426 2193 496 2255 tulit
518 2191 635 2254 auditas
657 2194 688 2253 et
710 2193 817 2272 sponte
838 2191 986 2252 lacessitis
1004 2211 1081 2253 oras.

346 2299 393 2360 sin
413 2316 515 2360 errore
535 2295 604 2357 uiae
625 2295 752 2356 necdum
772 2313 858 2355 meus
881 2297 977 2374 gnara
998 2295 1138 2376 locorum,

236 2401 238 2408 '
344 2401 392 2464 hic
412 2399 485 2462 mihi
503 2400 567 2479 lex,
590 2402 709 2461 caestus
731 2398 919 2478 adversaque
939 2397 1044 2458 tollere
1064 2401 1169 2460 contra

345 2503 489 2566 bracchia.
534 2503 578 2564 sic
598 2502 706 2581 ingens
727 2499 820 2561 Asiae
841 2500 933 2580 plaga
953 2500 1062 2581 quique
1083 2521 1138 2583 per
1159 2503 1263 2564 arcton
1297 2506 1363 2563 210

345 2609 452 2668 dexter
473 2609 505 2667 et
523 2606 555 2666 in
570 2607 690 2666 laevum
711 2607 821 2686 pontus
842 2602 921 2663 iacet
939 2601 1014 2664 haec
1031 2622 1099 2665 mea
1117 2603 1190 2665 visit

344 2707 488 2790 hospitia,
514 2709 570 2769 hoc
591 2708 685 2769 functi
705 2709 841 2768 remeant
863 2705 1025 2767 conamine
1045 2726 1145 2787 reges.

261 2897 511 2914 ...μ-Μ’*-

363 3033 411 3080 192
429 3030 515 3091 gemat
532 3025 652 3076 Heinsius
721 3027 787 3074 artes
806 3027 965 3075 Burmannus
1071 3030 1118 3076 199
1138 3023 1268 3076 Ominibus
1285 3028 1310 3077 P

256 3115 376 3169 decedere
393 3115 426 3164 Μ
446 3111 589 3177 (decernere
608 3126 670 3161 corr.
690 3127 714 3160 m
730 3113 747 3161 i.
766 3109 858 3176 murq.)
988 3115 1038 3162 194
1054 3111 1231 3176 Exobtantque
1253 3113 1278 3163 V

256 3205 391 3268 contraque
408 3201 465 3250 Pm:
488 3201 575 3248 contra
597 3199 622 3249 V
725 3201 774 3247 195
793 3195 872 3252 Quale
890 3211 937 3260 per
955 3197 1130 3272 Peerlkampne
1147 3199 1181 3246 ud
1202 3197 1275 3260 Verq.
1293 3197 1358 3245 Aen.

256 3339 294 3390 VI
310 3343 360 3390 270
427 3295 552 3404 stVVlffiiU!
574 3339 599 3388 V
616 3338 680 3401 (tres
698 3339 794 3386 litterae
812 3349 895 3416 emeno
913 3333 1006 3396 urnath·
1022 3335 1135 3385 concitus
1152 3336 1289 3394 Roianus,
1313 3333 1360 3382 llu-

257 3426 340 3477 ctibue
359 3426 547 3474 Prieennunnue
564 3425 580 3472 l.
600 3425 617 3471 l.
633 3440 661 3484 p.
682 3426 714 3471 97
802 3434 898 3470 amnem
917 3420 963 3469 M:
991 3433 1071 3469 amem
1091 3421 1121 3480 V,
1148 3433 1238 3483 agmen
1254 3420 1280 3469 P

258 3508 374 3566 Qualiter
395 3509 523 3571 ingressae
547 3509 703 3572 spumantem
724 3507 811 3554 taurus
835 3505 862 3554 in
886 3519 983 3554 amnem
1000 3505 1059 3554 Aru.
1127 3514 1185 3568 post
1204 3509 1253 3556 195
1276 3519 1361 3554 nermo

257 3595 396 3653 intendit,
420 3595 448 3641 r'n
467 3593 541 3642 Otto
558 3594 648 3657 lepitur
667 3591 764 3641 Taurus
780 3589 853 3655 aquis
878 3587 921 3653 qui
945 3587 1042 3653 primus
1064 3589 1127 3654 init,
1158 3589 1304 3655 spernitque
1320 3592 1360 3639 tu·

257 3682 379 3740 ruentem,
405 3679 432 3725 in
457 3691 504 3738 quo
522 3678 622 3738 suune
645 3676 715 3739 agris
735 3678 938 3732 Frieeunannns,
963 3671 1007 3722 ubi
1029 3672 1091 3739 (pro
1108 3672 1162 3740 qui)
1185 3683 1209 3724 ut
1226 3674 1362 3740 aperuique

256 3767 377 3819 Henetus
485 3768 534 3813 198
553 3761 644 3812 mediis
661 3779 705 3812 un.
723 3765 748 3812 P
820 3759 935 3824 procedit
952 3761 987 3810 Pe
1097 3764 1145 3811 199
1163 3760 1200 3810 Et
1215 3764 1239 3811 P
1304 3775 1362 3825 gre·

257 3853 375 3917 cibusque
398 3851 424 3902 V
509 3851 559 3899 200
579 3847 674 3898 Saevus
691 3849 736 3897 Pm
802 3845 831 3895 in
848 3861 892 3895 nn.
912 3848 938 3896 P
1002 3842 1093 3909 gigans
1115 3847 1140 3895 V
1205 3847 1294 3894 nono

258 3934 391 3991 uertenti
410 3937 443 3986 P:
471 3931 543 3983 taciti
566 3933 611 3984 VO
729 3935 779 3982 204
801 3930 897 3980 Evolat
919 3932 957 3981 uel
979 3929 1089 3981 Advolat
1106 3931 1228 3980 Hnnrtne
1312 3945 1362 3996 qna

221 4025 317 4092 ,Ata
406 4034 497 4070 curuae
519 4020 545 4069 V
664 4020 714 4066 aot
733 4014 795 4065 talia
810 4016 836 4064 P
917 4029 1012 4079 rogans
1034 4013 1082 4066 tali
1098 4015 1189 4078 procul
1208 4015 1308 4066 intonat
1322 4015 1363 4066 ira

257 4114 415 4160 Burnunnus
517 4102 771 4154 lotoPrnteoV
873 4100 1034 4153 toliresm
1137 4106 1187 4152 208
1207 4100 1298 4152 SmV

259 4209 339 4259 guara
356 4210 394 4242 m:
424 4191 516 4255 ignara
535 4191 587 4241 VP
687 4191 737 4236 210
755 4185 865 4235 Brachia
884 4187 910 4236 V
1025 4192 1073 4239 211
1092 4185 1177 4236 lenum
1199 4189 1229 4248 V,
1251 4186 1362 4237 laevam.

257 4283 329 4344 patet
344 4279 465 4330 nauum
550 4273 616 4326 visat
636 4271 950 4338 announcement
1054 4275 1103 4322 212
1122 4269 1249 4336 Respicis
1269 4273 1295 4324 V

256 4363 336 4416 functi
356 4365 525 4414 Bursaonum:
542 4359 626 4413 cuncti
647 4361 705 4412 VPe
772 4358 884 4408 remeent
900 4359 963 4410 Bon.
1052 4371 1112 4420 rege
1133 4359 1159 4407 V

448 4633 1067 4936 no„
