3110 4972
562 454 784 496 nnoouavnmon
814 455 899 496 nmen
914 454 942 494 v.
1240 434 1304 502 143

278 607 515 690 praecipitatque
538 611 656 688 patres:
679 609 779 689 ipsum
801 607 871 688 quin
894 607 1004 669 talibus
1025 607 1107 669 ausis

279 733 365 794 spem
388 712 445 773 sibi
466 712 526 774 iam
547 731 647 774 rerum
669 711 755 790 vulgi
775 711 901 774 levitate
924 713 1074 774 serentem
1118 695 1122 706 ¹
1238 717 1301 775 270

278 836 351 877 ense
372 816 457 897 petit.
501 815 580 896 rapit
602 813 671 876 inde
690 815 794 894 fugam
816 813 948 876 crudelia
967 813 1077 874 Perses

279 921 367 1000 signa
388 938 500 998 gerens
521 913 697 998 omnemque
719 919 815 1000 quatit
835 918 1004 980 rumoribus
1026 919 1137 978 arcton.

278 1023 396 1103 iamque
416 1022 522 1084 aderat
544 1020 663 1101 magnis
685 1042 794 1102 regum
816 1042 884 1084 cum
903 1022 1023 1083 milibus
1045 1020 1121 1098 urbi,

278 1127 434 1209 primaque
457 1124 488 1184 in
507 1125 652 1186 adversos
675 1125 839 1186 frustratus
861 1125 975 1208 proelia
994 1143 1096 1184 muros

278 1229 462 1290 constiterat.
508 1226 597 1288 datus
620 1231 652 1291 et
673 1229 761 1292 sociis
783 1229 932 1308 utrimque
955 1225 1121 1288 cremandis
1236 1229 1298 1288 275

278 1332 328 1392 ille
351 1331 416 1392 dies
439 1332 575 1413 alterque
599 1333 680 1409 dies,
702 1352 770 1394 cum
790 1332 889 1394 Marte
910 1331 1035 1393 remisso

278 1433 396 1495 debitus
417 1433 527 1497 Aeaeis
550 1437 613 1498 dux
634 1435 799 1498 Thessalus
819 1434 934 1518 adpulit
956 1434 1024 1495 oris.

345 1583 416 1646 Nox
438 1584 590 1646 hominum
611 1605 709 1664 genus
730 1587 763 1646 et
783 1585 874 1646 duros
893 1583 1035 1646 miserata
1052 1583 1171 1644 labores

279 1689 438 1750 rettulerat
454 1687 544 1750 fessis
564 1691 668 1771 optata
688 1688 807 1768 silentia
828 1687 926 1749 terris.

279 1794 311 1851 at
332 1789 409 1853 Iuno
431 1793 463 1854 et
484 1793 593 1854 summi
615 1792 703 1872 virgo
721 1791 809 1862 ¹Iovis
828 1791 934 1852 intima
955 1809 1057 1852 secum
1237 1795 1301 1852 280

279 1894 402 1956 consilia
424 1897 455 1956 et
476 1896 578 1958 varias
597 1895 751 1958 sociabant
772 1885 894 1974 pectore
916 1914 1012 1956 curas.

279 1997 366 2077 virgo
388 1998 472 2078 prior
488 1989 612 2078 ‘magna
627 1999 742 2081 pariter
759 2017 834 2077 quos
856 1999 934 2059 mole
951 2001 1097 2078 petamus,

279 2093 385 2161 cernis’
410 2101 453 2161 ait
470 2092 611 2164 ‘Colchos
631 2103 763 2164 habeant
782 2119 860 2180 quae
882 2100 1010 2180 proelia,
1033 2101 1144 2180 quique

280 2224 358 2265 nunc
381 2206 488 2266 status.
532 2205 601 2266 hino
622 2204 746 2285 Perses,
768 2205 850 2266 illinc
870 2223 930 2266 non
951 2204 1064 2266 viribus
1087 2203 1192 2283 aequis
1372 2281 1375 2287 Ι

279 2309 406 2388 apparat
427 2307 541 2370 Aeetes
565 2308 667 2371 aciem.
712 2309 819 2389 quibus
841 2307 980 2369 addimur
1000 2299 1123 2370 armis?’
1236 2310 1298 2368 285
1338 2354 1341 2365 ,

280 2410 328 2470 oui
349 2409 425 2470 luno
441 2401 570 2472 ‘dimitte
588 2415 703 2491 metus,
726 2432 766 2472 ne
788 2411 902 2493 proclia
919 2411 997 2472 sorte

279 2514 348 2574 hinc
367 2512 422 2574 tibi
444 2517 533 2593 grata
546 2535 679 2596 negem3
696 2517 800 2576 manet
819 2516 927 2594 ingena
948 2513 1057 2594 aegida
1078 2515 1171 2576 sudor

279 2619 311 2678 et
332 2621 451 2678 nostros
472 2617 532 2688 iam
554 2619 647 2680 sudor
668 2637 769 2699 equos.
814 2619 876 2680 stat
895 2621 1017 2698 pectore
1040 2617 1135 2680 lixum

278 2717 394 2778 Aeetae
416 2720 531 2781 sociare
552 2740 668 2782 manua
713 2721 774 2782 scio
797 2719 913 2802 perfida
934 2721 1017 2800 regis
1188 2713 1190 2715 ⁵

281 2822 371 2882 corda
393 2821 526 2900 quidem3
548 2826 646 2888 nullos
667 2825 782 2906 Minyis
803 2825 926 2886 exolvat
946 2824 1082 2892 honores.
1235 2828 1299 2885 290

281 2944 387 2985 verum
409 2925 484 2986 alios
503 2929 574 2988 tunc
595 2929 663 3011 ipsa
684 2929 787 3004 dolos,
808 2928 867 2990 alia
887 2945 956 2988 orsa
976 2918 1118 2988 movebo.³

275 3019 365 3104 ‘sint,
388 3047 508 3108 precor,
537 3031 626 3106 haec;
656 3033 710 3093 tna
729 3049 856 3112 namque
876 3029 948 3091 mihi
968 3029 1136 3092 comitanda
1157 3023 1300 3111 potestas’

280 3129 380 3191 Pallas
404 3131 461 3207 ait,
476 3124 578 3195 ‘liceat
599 3131 688 3195 Grais
707 3137 742 3195 ut
760 3135 887 3195 reddere
910 3123 998 3197 terris
1022 3183 1029 3196 .
1122 3183 1129 3198 .

298 3432 567 3499 tta-praecipitatque
586 3437 734 3486 Sabellicus:
758 3435 889 3501 Praecipit
911 3434 992 3499 adque
1015 3438 1044 3496 V,
1070 3435 1200 3502 Praecipit
1226 3440 1300 3500 atque

192 3518 284 3566 MBoeu
358 3518 419 3582 quin
436 3521 573 3570 Heinsius:
593 3521 636 3586 qui
657 3523 720 3586 Vqr,
742 3536 840 3586 quoque
859 3523 879 3570 0
897 3530 921 3570 et
938 3524 1000 3572 Piae
1113 3526 1163 3572 270
1181 3521 1300 3571 ferentem

192 3602 218 3651 O.
240 3603 302 3650 idem
319 3605 420 3654 coniecit
440 3606 572 3656 Sabellicus
645 3611 694 3657 273
713 3623 801 3670 regum
820 3609 855 3656 0:
872 3621 979 3670 regnum
1004 3607 1033 3665 V,
1052 3605 1126 3669 tegni
1145 3617 1177 3672 ψ.
1201 3607 1300 3670 magnis

191 3703 298 3751 regnum
315 3704 409 3752 urgens
427 3691 528 3742 milibus
553 3697 626 3744 codex
647 3695 730 3756 rapies
752 3693 871 3753 probante
886 3693 1006 3751 Heinsio,
1031 3690 1118 3741 multis
1135 3708 1226 3756 regum
1243 3707 1299 3742 oum

191 3773 294 3824 milibus
306 3777 480 3838 Burmannus,
501 3782 553 3828 coll.
566 3782 639 3844 Verp.
649 3779 714 3826 Aen.
728 3776 796 3842 Vld
809 3785 833 3825 et
849 3781 913 3841 289,
929 3776 1018 3840 magni
1034 3777 1105 3842 regis
1122 3793 1181 3828 oum
1196 3777 1299 3828 milibus

192 3860 366 3921 Peerlkampaa
380 3864 570 3930 adise-ymen.
590 3864 614 3916 V
635 3870 673 3914 75.
693 3861 767 3922 cs.·e.
788 3865 838 3912 300
924 3867 974 3914 275
993 3863 1073 3914 caesis
1089 3867 1260 3914 Bromanens-

192 3949 241 3995 277
260 3946 365 3998 Aetheis
383 3950 417 4006 0,
435 3949 521 3998 Acteis
544 3952 646 4000 Vocatus
730 3946 838 3996 teasulue
860 3950 885 3998 V
988 3955 1038 4000 278
1056 3948 1176 3998 miserata
1195 3957 1228 4012 ψι
1252 3945 1299 3994 mi·

191 4033 247 4080 rata
269 4033 294 4082 V
395 4039 444 4086 279
466 4034 596 4086 Retulerat
617 4037 642 4084 V
730 4038 778 4084 281
799 4032 872 4082 uaria
894 4037 919 4085 V
1006 4038 1055 4083 283
1075 4032 1182 4084 Colchos
1204 4031 1302 4095 agitent

191 4120 229 4166 vel
245 4122 362 4168 maneant
380 4134 443 4184 quae
463 4120 562 4186 proelia
578 4129 620 4170 aut
640 4118 764 4183 Colchos,
783 4124 872 4170 areant
890 4136 966 4186 quam
983 4119 1082 4184 proelia
1098 4120 1220 4167 Heinu'ua

191 4209 241 4255 288
260 4203 325 4254 sorte
343 4207 390 4254 M:
406 4205 485 4256 fortes
508 4209 533 4256 V
628 4210 677 4256 287
697 4215 755 4254 aare
774 4209 859 4256 manet
875 4209 961 4255 liabent
980 4205 1031 4254 iam
1048 4204 1098 4254 iam
1120 4217 1141 4264 ψ
1210 4201 1300 4263 ingena

191 4293 222 4340 0:
241 4307 285 4342 oen.
310 4293 355 4360 qu
440 4292 531 4356 aegida
549 4294 590 4342 M:
612 4290 685 4355 aegid
709 4293 733 4341 V
843 4297 892 4342 289
912 4294 1002 4341 Aeetes
1024 4291 1053 4356 V,
1073 4289 1150 4338 Aeeta
1169 4289 1202 4338 M

191 4381 241 4426 299
262 4377 377 4441 equidem
396 4380 517 4426 Heinsius
587 4377 699 4430 exsoluat
722 4381 745 4430 V
