3086 4968
665 431 755 474 ΟΔΡΠΤ
773 433 805 474 11.
1189 437 1289 480 nxxvn

284 601 323 664 In
343 601 483 666 versibus
504 619 565 662 nou
586 599 676 662 nullis
697 618 765 660 oum
787 600 818 661 id
839 599 919 680 quod
937 600 969 661 in
981 600 1055 664 libro
1070 598 1290 668 Garricnisfuit

178 703 349 766 aVatioani
361 705 503 766 memoria
516 707 547 766 et
559 704 733 783 longissime
748 705 837 764 abeat
850 706 881 765 et
896 723 933 764 ea
946 705 1039 766 multo
1053 705 1185 768 deterius
1196 709 1243 785 sit,
1256 713 1291 772 ut

179 807 219 867 ab
234 806 301 887 ipso
317 810 407 889 poeta
422 809 588 888 profectum
600 825 669 868 esse
686 825 747 868 nou
760 805 864 887 possit,
885 805 955 866 inde
970 808 1056 886 sequi
1068 808 1197 888 videtur,
1215 812 1289 874 nihil

179 907 264 968 aliud
284 909 316 968 iu
331 927 423 970 causa
442 909 553 985 fuisse,
572 929 626 972 cur
640 909 780 972 Vaticani
794 909 942 989 scriptura
963 912 1145 990 mutaretur,
1165 914 1224 974 nisi
1242 915 1287 976 111-

179 1011 503 1096 frenatamonieotandi
521 1011 613 1074 libido
629 1031 733 1074 eorum
753 1031 771 1074 a
785 1011 892 1092 quibus
905 1008 1055 1074 Carrionis
1067 1012 1144 1074 liber
1156 1015 1286 1098 interpo-

180 1112 264 1172 latus
276 1113 340 1174 luit.
361 1105 539 1194 quamquam
552 1117 601 1176 est
611 1116 662 1177 ubi
674 1115 826 1176 falsarium
838 1114 869 1174 id
882 1113 983 1192 egisse
994 1113 1160 1194 videamus,
1171 1122 1206 1180 ut
1220 1140 1288 1182 oum

180 1214 310 1276 aliorum
331 1217 489 1296 poetarum
508 1221 571 1278 tum
590 1218 718 1298 Vergilii
737 1218 768 1278 in
787 1217 891 1298 primis
910 1217 1002 1277 verba
1017 1216 1138 1280 Valerio
1154 1219 1286 1284 inferret.

179 1316 373 1380 haesitabant
388 1319 509 1400 quidem
522 1321 653 1382 editores
666 1322 763 1383 utrius
775 1319 843 1381 libri
859 1321 1037 1401 scripturam
1050 1322 1218 1402 probarent,
1233 1325 1288 1384 sed

180 1421 359 1501 plerumque
379 1421 530 1484 Carrionis
550 1423 658 1486 librum
682 1425 899 1505 sequebantur:
924 1441 983 1502 qua
1003 1441 1036 1483 re
1055 1423 1087 1484 in
1109 1424 1288 1490 editionibus

179 1543 259 1605 quae
269 1528 341 1606 post
353 1544 464 1586 aunum
474 1529 557 1588 1566
568 1527 744 1608 prodierunt
752 1525 947 1587 Valerianum
960 1544 1079 1588 carmen
1088 1527 1169 1589 haud
1180 1530 1289 1594 leviter

180 1627 380 1690 deformatum
392 1628 536 1690 ridemus.
559 1629 576 1689 I
591 1633 653 1692 684
666 1631 760 1692 comio
773 1628 864 1690 habet
874 1628 1049 1706 Vaticanus,
1061 1633 1156 1694 abacia
1169 1632 1200 1692 in
1212 1633 1287 1696 libro

159 1747 238 1792 ‘suo
259 1730 353 1792 luisse
365 1729 468 1794 Carrio
491 1732 621 1818 testatis
642 1735 705 1808 est,
730 1732 779 1814 qui
799 1733 957 1811 utramque
976 1731 1154 1810 scripturam
1175 1733 1288 1796 habere

181 1834 263 1894 dixit
275 1853 333 1915 quo
348 1834 611 1897 commendaretur.
633 1836 712 1898 idem
724 1835 867 1898 iudicavit
878 1832 1069 1895 Burmannus
1083 1835 1199 1898 duobus
1213 1836 1289 1898 Ver·
1327 1901 1330 1910 ,

179 1938 247 2018 ffl‘lii
260 1938 399 2000 versibus
413 1939 542 2016 innixus,
563 1938 639 2001 Aen.
653 1940 761 2004 11307
776 1961 817 2020 sq.
829 1940 926 2018 stupet
940 1939 1053 1999 11111111
1067 1939 1128 2000 otto
1145 1941 1291 2021 occupatus

178 2045 310 2106 oonuom
327 2046 401 2104 noui
417 2043 453 2105 oto
473 2047 580 2106 omino
594 2046 701 2127 postor
720 2044 753 2102 et
767 2041 842 2102 Aen.
856 2039 920 2104 VIl
938 2044 1001 2102 381
1018 2061 1061 2122 sq.
1079 2044 1174 2123 stupet
1193 2045 1290 2104 inscio

181 2165 277 2227 cupro
299 2147 476 2228 amputemus
498 2167 617 2222 monus,
639 2147 750 2208 mirato
768 2144 897 2206 octubrio
919 2146 1041 2208 bucam.
1073 2145 1128 2205 sed
1148 2146 1289 2206 accurate
1327 2213 1330 2216 ,

180 2248 274 2310 velim
307 2252 497 2328 comparetur
516 2248 670 2328 Vergilius
704 2265 771 2308 cum
798 2247 929 2310 Valerio.
967 2248 1017 2308 ille
1053 2249 1175 2326 stupere
1202 2245 1291 2324 fingit

179 2352 335 2434 pastorem
361 2353 393 2412 et
420 2370 582 2431 puerorum
609 2352 742 2426 turbam,
760 2349 902 2412 Valerius
924 2350 1062 2431 pastores
1090 2348 1136 2408 ira
1164 2350 1290 2410 deorum

180 2456 215 2515 et
234 2453 266 2516 vi
287 2452 356 2514 Sirii
378 2453 520 2516 attonitos
543 2456 575 2516 iu
594 2473 701 2516 nemus
723 2454 802 2516 coire
824 2437 855 2515 et
873 2452 997 2534 precari
1031 2455 1121 2532 atque
1140 2452 1272 2534 stupeut'

181 2557 237 2646 est¹
252 2555 385 2631 nescire,
413 2555 521 2635 quibus
544 2556 644 2616 causis
670 2555 724 2616 fiat
750 2557 783 2618 id
805 2557 886 2636 quod
912 2557 1030 2635 stupet,
1058 2555 1084 2616 is
1114 2560 1216 2618 autem
1238 2555 1290 2638 qui
1368 2590 1372 2597 ·

181 2659 256 2720 deos
277 2661 433 2739 precatur,
463 2663 497 2720 ut
527 2659 727 2721 calamitatem
757 2661 888 2742 aliquam
909 2660 1063 2734 avertant,
1090 2661 1173 2722 auxii
1199 2660 1290 2722 animi

181 2765 239 2824 est
275 2762 376 2843 itaque
395 2762 535 2824 Vaticani
553 2762 697 2824 memoria
718 2763 839 2842 integra
861 2763 916 2840 est,
940 2760 1091 2824 Carrionis
1114 2764 1182 2826 libri
1204 2765 1289 2826 testi·

177 2864 317 2954 monium
345 2886 362 2927 e
391 2884 487 2946 prava
513 2866 649 2928 mutandi
674 2865 795 2928 libidine
824 2868 936 2943 ortum,
973 2884 1071 2946 neque
1098 2865 1290 2928 Burmannus

183 2967 314 3048 Vergilii
334 2987 442 3029 versus
462 2967 530 3030 illos
552 2968 679 3030 laudans
699 2973 795 3032 torcio
817 2969 964 3044 defendit,
986 2969 1041 3028 sed
1063 2970 1142 3032 unde
1162 2973 1291 3054 petitum

183 3075 268 3134 esset
292 3072 462 3154 explicavit
482 3105 524 3118 -
551 3069 585 3131 Π
609 3074 671 3133 600
694 3093 711 3134 e
736 3074 883 3136 Vaticano
905 3071 1024 3132 restitui
1043 3073 1093 3134 uo
1112 3078 1219 3155 primo
1232 3075 1304 3158 pia¹

182 3176 341 3238 sollemnia
371 3175 505 3251 theu,
544 3175 653 3255 quippe
691 3177 771 3256 quod
809 3179 840 3237 et
877 3192 933 3236 sua
960 3174 1073 3235 virtute
1103 3180 1134 3236 et
1164 3175 1292 3254 Vergilii

183 3279 324 3358 exemplo
345 3278 495 3339 firmatum
518 3276 570 3352 sit3
591 3277 618 3336 is
641 3277 818 3342 enim'Aeu.
842 3276 890 3340 VI
914 3281 976 3340 380
997 3280 1026 3338 ot
1046 3278 1174 3338 mutuent
1194 3280 1291 3340 tomu-

182 3381 249 3442 tum
280 3385 308 3442 et
332 3381 447 3444 tomulo
476 3381 633 3442 sollemnia
660 3361 782 3444 multant.
819 3384 923 3444 contra
954 3380 1033 3462 quod
1053 3376 1156 3441 Carrio
1177 3397 1195 3440 e
1216 3379 1292 3440 libro

182 3501 239 3544 suo
263 3481 357 3544 edidit
378 3484 487 3546 coloreo
507 3485 557 3545 uro
572 3486 678 3566 primo
693 3485 819 3565 piccuto
839 3484 956 3548 Ptraao
970 3483 1054 3564 ferte
1069 3502 1159 3544 mono
1173 3483 1291 3546 duabus

183 3585 223 3646 de
244 3586 343 3646 causis
362 3587 559 3648 vehementer
580 3586 726 3669 displicet
760 3605 831 3648 nam
853 3607 921 3650 cum
942 3587 1105 3648 verborum
1127 3589 1292 3668 quaesunt

175 3690 283 3771 primo
306 3690 433 3769 piaculo
451 3688 536 3767 ferto
564 3707 601 3750 ea
624 3691 664 3751 sit
685 3690 850 3766 sententia,
882 3695 917 3752 ut
937 3690 1027 3752 Helle
1052 3690 1193 3752 Iasonem
1222 3693 1292 3752 ante

182 3791 282 3852 omnia
300 3790 412 3852 Phrixo
430 3792 554 3852 inferias
580 3793 700 3856 mittere
729 3795 848 3872 iubeat,
879 3795 1012 3857 abundat
1033 3796 1148 3857 celerer.
1184 3792 1291 3854 deinde

182 3913 262 3973 quae
284 3892 396 3955 Phrixo
417 3896 555 3956 feruntur
577 3895 701 3958 inferiae
723 3899 817 3960 multo
839 3898 951 3959 rectius
972 3899 1129 3960 sollemnia
1154 3895 1292 3956 dicuutur

182 4013 274 4076 quam
292 3997 433 4077 pzbootc;
458 4015 529 4058 nam
556 3999 629 4076 quid
656 3999 758 4078 pietur
779 3999 825 4062 his
852 4001 978 4082 piaculis
991 4021 1060 4086 ⁴nou
1079 3999 1174 4060 video.
1211 4000 1290 4058 cete·

181 4117 252 4160 rum
270 4101 377 4182 primo
397 4102 525 4183 piaculo
555 4102 637 4182 apud
658 4102 829 4182 Vergilium
859 4105 951 4166 habes
981 4103 1057 4164 Aen
1081 4099 1128 4160 VI
1154 4100 1225 4161 153.
1247 4133 1291 4143 —

183 4199 214 4260 V
236 4203 277 4261 25
300 4222 437 4284 supremo
451 4193 491 4264 ¹io
509 4202 622 4281 fuam
645 4205 781 4266 exhibuit
800 4205 951 4268 Carrionis
979 4206 1090 4278 codex,
1120 4203 1198 4283 quod
1218 4203 1291 4273 ferri

180 4303 296 4384 nequit,
319 4304 388 4386 quia
402 4303 517 4387 Tiphys
538 4305 671 4368 nondum
690 4309 827 4369 mortuus
849 4310 902 4369 est
938 4306 970 4368 iu
985 4306 1134 4368 Vaticano
1153 4326 1290 4390 supremo
