3086 4968
684 437 911 479 Pnonnccmora

691 755 823 820 CAPUT
855 755 897 818 H.

354 913 402 975 De
422 913 493 976 satis
513 912 652 976 carminis
670 913 824 994 Valeriani
845 911 1033 993 disputatnro
1052 910 1182 992 primum
1204 913 1278 974 mihi
1299 933 1348 974 re·

240 1018 408 1100 petendum
430 1019 494 1094 cst,
521 1017 600 1096 qnod
621 1018 682 1079 iam
703 1015 895 1098 supradixi,
923 1014 1053 1093 antiquis
1079 1016 1264 1096 temporibus
1286 1016 1346 1078 nisi

245 1122 388 1202 aepaucis
414 1121 489 1182 illud
519 1125 591 1182 non‘
605 1120 716 1182 lectum
735 1118 845 1194 videri;
875 1121 997 1200 praeter
1024 1118 1241 1189 Quintilianum
1269 1119 1350 1180 enim

244 1244 285 1286 ex
304 1225 481 1305 antiquitate
502 1243 601 1303 neque
616 1225 735 1303 poetam
748 1223 819 1284 novi
831 1241 929 1302 neque
948 1222 1122 1303 scriptorem
1136 1241 1234 1302 neque
1248 1241 1347 1301 gram-

243 1327 386 1390 maticum
411 1327 554 1406 denique,
580 1326 632 1406 qui
652 1318 808 1388 Valerium
830 1319 1029 1387 nominaverit
1050 1323 1347 1405 veldrgonauticon

244 1442 368 1492 versum
395 1429 561 1512 protulerit
601 1428 794 1490 Hermannns
818 1429 976 1490 Vsencrns
1001 1429 1120 1509 quidem
1148 1428 1180 1489 in
1200 1447 1348 1491 commen·

243 1534 357 1595 tatione
383 1533 422 1594 de
449 1531 568 1593 scholiis
590 1531 765 1594 Horatianis
784 1531 903 1594 Bernac
932 1532 989 1593 boc
1009 1550 1086 1592 anno
1107 1532 1188 1594 edita
1211 1552 1239 1612 p.
1255 1537 1295 1594 22
1316 1533 1348 1594 in

213 1689 216 1705 ,
244 1635 346 1696 verbis
373 1654 450 1717 quae
480 1637 551 1696 sunt
571 1635 709 1717 divosque
727 1637 761 1696 ab
781 1637 847 1697 0020
858 1633 1006 1716 fatigent,
1036 1653 1114 1713 quae
1141 1635 1250 1696 codicis
1273 1635 1348 1696 Ber-

244 1738 347 1800 uensis
375 1758 501 1800 numero
521 1739 656 1800 vicesimi
682 1738 771 1819 primi
798 1737 959 1800 scholiasta
985 1736 1024 1798 ad
1044 1734 1117 1798 Hor.
1138 1754 1226 1798 carm.
1247 1736 1281 1798 Π
1306 1743 1347 1800 26

245 1841 381 1921 Vergilio
407 1841 482 1902 20100
509 1841 660 1917 attribuit,
686 1840 802 1902 Valerii
828 1839 877 1902 lv.
898 1843 938 1901 69
963 1842 1131 1920 marcoque
1143 1839 1261 1924 fatigat
1281 1861 1349 1904 0000

243 1945 342 2007 Iovem
364 1944 525 2022 agnovisse
550 1944 607 2006 sibi
628 1945 713 2005 visus
733 1945 796 2020 est,
824 1943 879 2004 sed
900 1940 1091 2004 scholiastam
1113 1943 1231 2005 etiamsi
1252 1963 1348 2005 eme·
1381 2029 1383 2034 Ι

158 2058 164 2071 ‘
243 2047 338 2109 moria
356 2046 512 2108 Valerium
531 2046 713 2124 laudaverit,
744 2045 838 2107 verba
866 2045 931 2106 eins
961 2045 1035 2106 adeo
1062 2049 1197 2108 mutasse
1222 2066 1283 2108 non
1301 2049 1350 2109 002

243 2149 411 2231 probabile:
439 2151 474 2210 ut
502 2149 620 2210 mittam
648 2147 853 2210 testimonium
879 2147 954 2210 illud
979 2153 1153 2231 corruptum
1175 2169 1261 2227 csse,
1288 2169 1349 2212 non

243 2253 388 2333 intellego
415 2254 497 2315 certe
524 2252 607 2315 deboc
629 2254 662 2314 ia
687 2255 753 2314 octa
769 2251 908 2334 fatigare
938 2251 1011 2333 quid
1040 2253 1097 2314 sibi
1124 2253 1207 2315 velit
1250 2254 1350 2316 medic

244 2356 325 2438 qnod
345 2359 471 2418 vocatur
493 2373 568 2417 aevo
583 2373 762 2436 quamquam
774 2374 862 2416 nemo
874 2355 954 2441 quod
974 2355 1065 2417 sciam
1077 2357 1198 2436 poetam
1212 2358 1350 2418 nostrum

244 2459 487 2521 commemoravit
513 2460 566 2520 aut
588 2459 719 2520 carmine
747 2459 812 2518 eius
833 2479 908 2520 usus
930 2461 993 2535 est,
1021 2461 1123 2521 tamen
1143 2479 1204 2521 non
1225 2480 1351 2540 prorsus

243 2561 275 2622 id
296 2562 469 2641 neglectum
490 2562 590 2624 iacuit.
627 2562 743 2624 duobus
761 2560 840 2622 enim
855 2561 1006 2623 codicibus
1020 2561 1227 2642 Argonautica
1240 2563 1351 2624 scimus

242 2667 411 2746 propagata
432 2682 509 2741 esse,
530 2682 656 2744 quorum
677 2664 755 2725 alter
776 2662 868 2724 etiam
890 2683 969 2726 nunc
990 2669 1146 2746 superstes
1165 2668 1221 2745 est,
1239 2667 1352 2728 Vati-

244 2786 379 2829 canum
404 2766 470 2828 dico
498 2771 582 2828 3277
606 2766 668 2845 (V)
692 2765 811 2827 saeculo
839 2785 918 2828 nono
940 2767 971 2828 in
994 2767 1153 2831 OXXXX
1171 2769 1352 2831 membranis

243 2872 356 2932 formae
381 2870 560 2952 quadratae,
587 2869 642 2930 sed
669 2863 804 2930 modicae
827 2889 987 2932 mensurae
1011 2873 1173 2954 scriptum,
1202 2875 1351 2952 regnante

243 2973 297 3036 Pio
323 2993 402 3036 nono
429 2972 516 3034 cuius
543 2971 663 3052 insigne
690 2971 875 3052 gentilicium
901 2973 1072 3054 inpressum
1098 2978 1147 3036 est
1175 2975 1247 3036 corii
1267 2975 1352 3036 rubri

243 3080 418 3158 tegumento
445 3076 598 3139 vestitum.
638 3075 821 3156 compositus
848 3079 896 3137 est
919 3075 1014 3138 codex
1040 3078 1232 3158 undeviginti
1259 3097 1352 3140 mem-

113 3255 122 3264 ,
243 3179 405 3242 branarum
425 3179 591 3256 fasciculis,
621 3197 748 3259 qnorum
776 3177 908 3240 decimus
930 3180 961 3241 ot
983 3179 1176 3242 duodecimus
1199 3182 1352 3244 terniones

246 3286 333 3360 sunt,
355 3283 614 3346 duodevicesimus
639 3291 671 3344 et
690 3280 934 3342 undevicesimus
956 3282 1047 3363 quina
1067 3263 1143 3345 201ἰοΙ
1155 3283 1283 3361 habent,
1304 3303 1352 3346 re·

243 3386 314 3448 licui
340 3387 550 3467 quaterniones
573 3387 659 3460 sunt,
684 3403 810 3464 quorum
834 3387 955 3464 sextus,
977 3385 1110 3447 decimus
1134 3390 1275 3467 quartus,
1300 3388 1351 3450 de·

246 3489 341 3550 cimus
375 3495 481 3552 sextus
510 3487 637 3566 singulis
667 3486 746 3548 soliis
775 3488 870 3549 orbati
899 3492 985 3566 sunt,
1016 3508 1094 3550 110110
1127 3496 1220 3551 unum
1249 3490 1354 3552 solium

246 3590 381 3652 additum
398 3596 453 3654 est.
490 3611 509 3653 0
529 3591 598 3653 folio
622 3595 639 3650 1
672 3589 711 3651 ad
739 3589 842 3650 folium
864 3593 905 3652 33
928 3590 1065 3669 singulae
1092 3592 1222 3672 paginae
1242 3593 1354 3656 habent

116 3751 119 3755 .
247 3713 356 3756 versus
380 3693 503 3755 vicenos
532 3695 682 3773 singulos,
707 3712 725 3754 a
746 3693 795 3754 sol.
813 3697 855 3754 34
876 3694 915 3754 ad
936 3694 985 3754 201.
1008 3695 1048 3756 55
1073 3696 1195 3758 vicenos
1216 3698 1353 3778 exceptis
1387 3779 1389 3784 Ι

156 3821 159 3830 ¹
247 3796 296 3858 sol
319 3795 395 3857 aab
417 3815 494 3875 quae
515 3798 628 3878 pagina
649 3797 740 3857 habet
762 3797 838 3857 duos
861 3801 892 3858 et
913 3796 1036 3876 viginti,
1058 3799 1108 3861 201.
1127 3803 1166 3862 38
1190 3820 1208 3863 a
1230 3802 1262 3862 et
1281 3802 1301 3862 b
1322 3803 1354 3862 et

247 3899 297 3962 fol.
321 3902 395 3962 390
415 3917 492 3979 quae
515 3900 626 3961 habent
647 3898 769 3959 vicenos
790 3899 912 3978 ternos,
932 3899 981 3960 sol.
1004 3903 1046 3962 40
1069 3921 1088 3963 0
1110 3905 1141 3962 02
1163 3901 1353 3982 1101100210-

247 4004 320 4066 bent
339 4021 473 4064 novenos
495 4003 602 4064 denos:
629 4021 648 4064 a
669 4003 718 4064 201.
742 4005 783 4062 56
806 4001 845 4062 ad
866 4002 915 4063 sol
939 4007 1001 4064 139
1023 4006 1134 4067 noveni
1154 4005 1224 4066 deni
1243 4024 1353 4066 versus

249 4107 370 4169 suntin
393 4105 520 4185 singulis
541 4104 668 4186 paginis.
702 4104 851 4184 scriptura
870 4105 945 4167 adeo
965 4109 1048 4168 caret
1069 4107 1295 4189 aequabilitate,
1318 4109 1354 4168 ut

249 4211 323 4271 alias
348 4211 380 4272 in
405 4211 471 4272 aliis
492 4207 629 4291 partibus
651 4225 758 4268 manus
779 4212 939 4288 occupatas
959 4207 1053 4270 luisse
1073 4210 1159 4272 facile
1182 4209 1354 4290 suspiceris,

248 4313 325 4374 duas
347 4316 448 4376 tamen
472 4314 522 4376 vel
540 4315 604 4374 tres
626 4310 726 4394 potius
749 4310 926 4373 distinxisse
948 4311 1021 4373 satis
1042 4314 1107 4389 est,
1127 4331 1253 4394 quarum
1269 4312 1354 4394 prior

318 4688 651 4786 ,A
