3072 4974
545 451 764 492 ssccnsvnrcon
785 451 871 492 amns
885 451 926 492 vr.
1224 429 1285 498 181

265 603 454 685 partiturque
476 575 684 685 rotis,=sdque
705 603 774 666 inde
797 604 926 668 furentis
947 606 1052 686 raptus
1102 615 1140 628 ·“
1195 608 1283 676 ,1425

264 705 295 766 in
315 705 388 786 iuga
409 705 549 771 Circaeos
564 708 672 787 tetigit
692 727 752 770 non
772 707 901 789 amplius
922 726 1023 786 agros.

329 869 413 930 Talia
429 863 571 930 'certatim
587 867 710 948 Minyae
734 869 889 950 sparsique
912 867 1021 958 Cytaei

189 1035 190 1042 χ
264 973 370 1033 funera
391 971 556 1036 miscebant
578 974 691 1052 campis
714 970 927 1054 Scythiamque
949 971 1134 1054 premebant,

262 1095 331 1136 cum
353 1073 430 1136 Iuno
450 1073 620 1136 Aesonidae
643 1095 702 1135 non
722 1075 800 1136 hanc
822 1076 860 1136 ad
880 1076 995 1137 vellera
1015 1093 1141 1138 cernens

262 1197 330 1238 esse
351 1177 432 1238 viam
452 1195 508 1237 nec
528 1176 571 1238 sic
592 1177 707 1238 reditus
729 1178 836 1257 regina
857 1181 1015 1262 parandos,
1218 1179 1282 1238 430

262 1283 429 1341 extremam
449 1280 571 1340 molitur
589 1298 691 1361 opem,
712 1280 833 1340 funesta
853 1283 937 1364 prius
961 1303 1050 1366 quam

260 1384 383 1446 consilis
405 1402 440 1444 ac
462 1402 570 1445 saevas
593 1383 690 1463 aperit
711 1402 767 1442 rex
789 1383 923 1464 perfidus
947 1386 1018 1446 iras.
1088 1442 1092 1452 ,

259 1486 394 1567 increpat
435 1487 449 1546 t
470 1486 547 1546 seris
569 1485 739 1547 Vulcanum
760 1490 877 1548 maesta
898 1487 1048 1569 querellis,

260 1589 345 1650 cuius
366 1569 557 1648 flammiferos
579 1587 663 1649 videt
685 1589 872 1669 interregis
895 1593 998 1651 tauros

259 1711 372 1773 pascua
394 1691 568 1752 Tartaream
588 1692 752 1773 proflantes
771 1695 894 1772 pectore
912 1694 1039 1754 noctem
1214 1693 1276 1752 435

259 1795 333 1856 haec
355 1791 467 1855 etenim
487 1793 609 1873 Minyas
632 1814 671 1854 ne
691 1794 818 1873 iungere
839 1794 938 1856 Marte
960 1793 1082 1876 peracto

259 1899 393 1959 monstra
414 1896 488 1957 satis
510 1895 612 1956 iubeat
635 1895 757 1959 Cadmei
779 1898 920 1959 dentibus
941 1896 1041 1978 hydri,

184 2071 188 2076 ⁵
259 2002 329 2060 ante
350 2000 430 2060 diem
451 1999 537 2060 timet
560 2001 592 2060 et
612 1999 713 2061 varias
734 1999 934 2080 circumspicit
955 1999 1044 2061 artes.

259 2102 324 2164 sola
342 2103 440 2164 animo
459 2101 568 2164 Medea
588 2101 683 2178 subit,
706 2120 791 2163 mens
813 2102 909 2164 omnis
931 2102 961 2163 in
981 2121 1042 2163 una

258 2203 392 2284 virgine,
413 2205 567 2266 nocturnis
591 2209 649 2288 qua
670 2207 754 2268 nulla
772 2204 923 2290 potentior
945 2205 1015 2267 aris.
1211 2204 1275 2263 440

258 2306 338 2367 illius
359 2308 398 2368 ad
420 2308 556 2368 fremitus
578 2328 760 2389 sparsosque
782 2330 837 2392 per
857 2307 927 2370 avia
948 2327 1037 2368 sucos

258 2409 358 2472 sidera
378 2411 441 2472 lixa
462 2413 575 2494 pavent
596 2411 628 2471 et
649 2412 697 2473 avi
721 2414 824 2492 stupet
845 2409 942 2474 orbita
963 2407 1049 2470 Solis.

174 2583 185 2606 ,Ι
230 2561 233 2570 .
256 2514 355 2576 mutat
376 2534 467 2595 agros
490 2515 674 2594 fluviumque
696 2514 778 2590 vias,
800 2536 874 2578 suus
896 2515 1002 2594 alligat
1022 2511 1086 2593 igni

257 2619 364 2678 cuncta
382 2639 488 2700 sopor,
505 2617 610 2679 recolit
631 2619 728 2680 fessos
752 2620 858 2706 aetate
873 2619 1025 2699 parentes,

256 2717 368 2804 datque
387 2723 463 2785 alias
486 2722 550 2784 sine
571 2723 641 2802 lege
663 2723 753 2783 colus.
797 2721 874 2784 hanc
892 2721 1024 2784 maxima
1045 2716 1130 2786 Circe
1211 2715 1274 2777 445

348 2873 352 2880 .

172 2889 424 2902 --—--..-........

275 3061 324 3107 425
342 3018 492 3123 Pdtiturque
510 3062 556 3109 H:
580 3059 729 3125 Patiturque
751 3061 777 3110 V
876 3061 927 3108 427
945 3056 1043 3122 minyas
1062 3056 1096 3105 H
1169 3007 1279 3116 sparsidi

169 3144 213 3205 H,
233 3143 377 3209 sparsisque
395 3147 432 3194 uel
449 3145 587 3210 patriisque
605 3147 726 3196 Heinsius
794 3140 892 3209 Cytaei]
912 3139 1093 3216 premebatis
1158 3139 1210 3186 438
1228 3149 1273 3184 ona

169 3231 203 3280 Μ
268 3227 426 3296 cythiamque
449 3231 474 3280 V
539 3230 669 3295 premebat
692 3230 717 3280 V
820 3232 870 3277 430
886 3227 913 3276 in
931 3241 1010 3289 regna
1027 3221 1208 3286 Zinzerlinyius

169 3373 218 3418 431
237 3365 352 3416 mollitur
373 3369 399 3418 V
449 3429 451 3433 ι
516 3371 565 3417 433
584 3383 653 3418 seras
671 3368 703 3427 0,
720 3335 793 3419 veras
810 3366 1000 3430 Bunnannus⁴
1088 3362 1138 3410 433
1156 3315 1219 3406 selis
1236 3355 1275 3415 H,

167 3453 287 3504 saevisti
372 3451 505 3518 quaerellis
527 3454 552 3503 V
670 3455 721 3502 434
745 3451 812 3500 inter
837 3448 938 3512 egentis
956 3448 988 3506 0,
1017 3448 1081 3499 unda
1097 3445 1164 3518 inter
1182 3440 1277 3492 clentis

168 3541 249 3605 effecit
266 3540 387 3587 Heinsius
490 3541 540 3587 436
558 3536 642 3602 Hccc]
661 3538 716 3588 Rex
734 3538 892 3585 Burmannus
959 3531 1035 3583 etism
1051 3532 1085 3581 H
1130 3537 1131 3542 ’
1157 3532 1209 3580 433
1224 3525 1275 3576 cir·

167 3625 303 3742 cumspicid
317 3677 342 3728 Υ
359 3674 380 3741 (t
398 3692 465 3738 supr.
487 3691 534 3726 sor.
554 3692 585 3724 sn.
606 3673 665 3740 seo.)
709 3641 715 3654 -
768 3676 917 3724 439-476
938 3674 1025 3734 decenn
1044 3672 1072 3718 in
1094 3668 1123 3719 V.
1148 3639 1276 3724 uuofoiio

137 3763 145 3782 ⁸
168 3767 267 3816 orbatus
282 3770 319 3812 ast
338 3764 411 3812 audac
427 3764 476 3810 iam
494 3765 580 3824 quinto
596 3763 686 3812 decim
704 3769 733 3810 ut
748 3766 811 3822 puto
830 3758 930 3806 sauna
950 3771 1007 3806 num
1024 3769 1101 3816 neque
1118 3754 1180 3804 Pius
1197 3763 1275 3813 nequo

167 3853 289 3902 Heinsius
304 3850 334 3897 iu
351 3850 460 3898 cnutus
480 3852 611 3898 439-Ίὸ
634 3848 778 3898 Vaticanum
795 3845 902 3893 laudauit
991 3846 1041 3892 433
1062 3839 1122 3890 Sola
1140 3845 1197 3904 spe:
1214 3834 1275 3884 Solo

167 3938 201 3987 Μ
284 3939 334 3985 440
351 3933 413 4001 artis
432 3936 477 3994 M,
500 3932 586 3984 herbis
604 3932 720 3982 Andreae
738 3930 833 3980 Sanotti
849 3934 886 3977 est
904 3929 1054 3986 coniectura,
1080 3937 1151 3986 quun
1173 3921 1275 3982 Vossius

168 4037 218 4071 non
234 4022 329 4071 debent
347 4024 495 4081 uituperare.
516 4014 548 4077 qs.
569 4019 611 4068 On.
631 4017 692 4066 Met.
711 4013 764 4064 VII
783 4016 831 4063 180
851 4027 903 4077 sqq.
993 4015 1043 4060 441
1061 4008 1094 4058 ad
1110 4003 1225 4056 fremitus
1239 4004 1276 4078 ⁰¹⁸.

168 4107 201 4158 sd
218 4105 292 4158 fletus
312 4110 355 4167 Μ,
380 4104 487 4156 adflatus
504 4104 583 4163 Bon,
610 4100 709 4152 afflatus
727 4100 787 4149 Ain.
802 4095 915 4158 sortasse
932 4096 964 4146 ud
981 4097 1068 4144 cantus
1152 4102 1199 4152 por
1216 4101 1275 4137 aera

169 4193 292 4244 Francius
401 4193 451 4240 443
470 4185 568 4251 adligat
585 4190 618 4238 Μ
682 4182 738 4248 igni
756 4181 878 4244 &cignis
895 4182 1002 4242 Mutia,
1020 4179 1111 4242 ingens
1129 4175 1191 4223 Bon.

169 4282 220 4328 444
238 4276 352 4341 recoquit
371 4275 508 4326 Gronovius
526 4275 618 4324 otnero.
638 4270 675 4322 IV
690 4275 720 4320 21
737 4269 859 4332 probantu
875 4267 994 4326 Heinsio,
1014 4262 1114 4318 refovet
1128 4274 1177 4316 non
1195 4259 1275 4308 nullm

170 4362 300 4426 sumpsisse
318 4362 379 4412 Pius
397 4359 521 4410 adnotant
1164 4359 1167 4365 '
