3086 4968
137 456 143 466 ¹
264 435 355 478 xmv
701 433 929 476 notaremus

264 607 387 666 ornatus
410 600 497 662 navis
516 599 734 680 puleherrimus
755 571 833 660 eret·
849 601 880 660 et
902 597 1100 676 admirabilis,
1129 601 1245 680 stupuit
1268 605 1370 663 tamen

265 708 355 769 Iason
378 710 410 768 et
430 707 513 766 metu
537 703 695 784 peroulsus
717 703 783 775 est,
805 720 873 761 oum
895 700 926 761 in
950 719 1028 762 nave
1048 704 1110 762 tam
1132 703 1232 781 fragili
1253 722 1371 764 summa

266 811 400 890 pericula
423 827 489 869 oum
510 805 599 867 sooiis
621 823 654 864 se
678 805 847 866 subiturum
868 823 936 865 esse
958 805 1117 883 eogitabat.

370 912 404 974 Π
434 915 495 972 222
526 911 557 969 et
586 912 649 969 223
678 907 721 967 sio
745 907 815 967 olim
842 907 1105 985 distinguebantur
1132 908 1210 970 Pars
1237 907 1372 987 conferre

266 1035 372 1078 manus
403 1017 506 1088 etiam,
540 1013 712 1092 nepoteque
735 1012 862 1091 paratae
890 1010 965 1072 Cum
984 1010 1127 1090 sonitum
1159 1011 1301 1092 quosdam
1326 1015 1371 1072 in-

267 1136 382 1182 somnes
409 1120 438 1178 et
465 1119 568 1180 cuneta
594 1101 712 1176 tuentes.
740 1112 806 1173 -hos
837 1131 947 1206 versus
976 1134 1044 1174 oum
1072 1133 1132 1176 non
1160 1114 1373 1194 intellegerent

268 1220 412 1280 Heinsius
433 1222 465 1278 et
476 1217 667 1280 Burmannus
680 1215 887 1277 emendatione
903 1215 1039 1296 indigere
1052 1218 1207 1296 putabant,
1229 1220 1265 1279 ut
1277 1219 1372 1281 verbs

270 1343 347 1402 quae
371 1325 442 1383 sunt
462 1321 633 1402 interpam
655 1322 687 1380 et
707 1320 847 1400 quosdam
866 1321 904 1382 ad
924 1320 1047 1381 maritos
1066 1321 1252 1382 referrentur
1271 1322 1371 1382 eoniu-

270 1427 359 1505 gibus
393 1423 577 1484 resistentes.
622 1419 766 1484 Heinsius
798 1422 955 1504 proposuit
987 1423 1065 1485 Poro
1095 1423 1230 1503 conferre
1266 1444 1374 1486 manus

269 1533 358 1591 etiam
385 1529 557 1608 moysesque
579 1527 705 1606 paratos
731 1547 798 1590 oum
816 1526 959 1605 sumtus,
989 1524 1180 1586 Burmannus
1209 1527 1287 1588 Pars
1308 1546 1373 1588 oon·

261 1631 350 1711 ferre
380 1651 487 1693 manus
512 1631 600 1690 niam
621 1631 772 1710 raptosque
787 1632 931 1731 peremtas⁸
950 1649 1018 1691 oum
1028 1628 1162 1708 sumtus.
1201 1629 1248 1688 his
1271 1631 1373 1688 tamen

218 1760 222 1773 ·
270 1734 448 1796 oonieoturis
481 1731 567 1792 taoile
599 1749 748 1810 caremus,
786 1733 873 1793 modo
902 1732 1036 1812 conferre
1064 1767 1104 1778 --
1128 1732 1255 1812 foribus
1282 1751 1372 1792 voees

271 1837 425 1900 oommatis
452 1837 659 1912 includantur,
687 1855 745 1914 quo
772 1836 850 1896 faoto
877 1836 1012 1917 sapora
1040 1853 1092 1895 eas
1122 1835 1276 1916 adpositas
1304 1852 1373 1894 esse
1470 1915 1474 1920 Ι

271 1960 358 2004 nemo
385 1959 444 2000 non
465 1940 593 2014 videbit,
621 1943 653 2000 et
678 1939 752 1999 haeo
773 1938 885 1999 existet
905 1956 1049 1998 versuum
1069 1937 1188 1998 illorum
1211 1937 1373 1998 sententia:

271 2064 342 2126 pars
363 2042 562 2102 Lemniadum
590 2042 734 2120 ooniuges
761 2043 913 2102 insomnes
941 2043 973 2100 et
1000 2040 1099 2100 omnia
1129 2059 1206 2121 quae
1233 2040 1311 2102 fiunt
1329 2040 1374 2101 ri-

272 2149 378 2208 dentes
403 2145 537 2207 edoritur
563 2166 688 2228 eamque
716 2148 753 2207 ob
777 2163 899 2206 oausam
920 2145 959 2205 ad
979 2162 1099 2224 pugnes
1117 2145 1209 2206 etiam
1227 2163 1296 2205 oum
1314 2143 1374 2204 illis

271 2249 498 2312 committendas
525 2254 632 2331 parate
660 2254 715 2312 est.
753 2249 813 2309 duo
835 2247 955 2327 quidem
982 2248 1099 2307 restant
1119 2265 1196 2328 qnae
1216 2247 1377 2308 emendata

271 2355 355 2416 velis.
390 2353 517 2433 primum
543 2353 622 2414 enim
646 2357 790 2434 paratae,
823 2351 902 2433 quod
933 2351 972 2412 ad
998 2348 1132 2428 conferre
1154 2369 1262 2412 monus
1283 2368 1374 2410 voees

273 2458 353 2518 solas
376 2457 521 2535 pertinet,
546 2457 626 2517 inter
646 2459 818 2537 maffeioque
843 2456 874 2515 et
901 2475 969 2516 oum
981 2452 1108 2532 faesus
1132 2453 1264 2533 positum
1285 2455 1375 2514 vehe

272 2563 389 2620 menter
408 2558 565 2637 displicet,
586 2558 694 2618 deinde
718 2559 749 2617 in
771 2577 799 2618 v.
819 2560 881 2616 223
907 2555 1048 2636 quosdam
1069 2575 1194 2636 prorsus
1215 2557 1355 2618 abundat

376 2661 410 2720 H
428 2664 492 2723 520
520 2661 615 2741 qualis
643 2661 674 2720 et
695 2659 765 2719 olim
786 2659 945 2737 legebatur
965 2662 998 2720 et
1019 2678 1037 2720 e
1060 2679 1109 2720 me
1130 2660 1219 2722 datus
1239 2663 1288 2722 est
1307 2661 1377 2724 iati-

273 2767 361 2849 dique
381 2768 457 2827 rotis
473 2783 643 2846 pronaeque
665 2780 821 2843 reserpere
845 2765 944 2823 turres
963 2763 1032 2842 plus
1053 2782 1112 2824 uno
1134 2763 1252 2824 nemine
1274 2764 1376 2845 displi-

273 2871 330 2930 cet.
374 2887 409 2928 ao
437 2867 565 2948 primum
595 2867 715 2944 quidem
751 2865 839 2925 hodie
867 2884 927 2926 nou
962 2866 1080 2943 dubito,
1113 2867 1185 2947 quin
1221 2867 1377 2946 egregiam

275 2967 422 3030 Gronovii
444 2968 654 3042 oonieoturam,
677 2985 736 3047 qua
755 2988 810 3049 pro
830 2971 910 3030 rates
933 2967 1076 3028 librorum
1089 2969 1258 3032 testimonio
1279 2973 1378 3034 trabes

274 3071 453 3147 restituitur,
474 3089 548 3152 prae
568 3072 644 3132 raes
666 3069 811 3130 Italorum
831 3071 953 3132 invento
965 3070 1163 3150 inprudenter
1176 3072 1377 3151 neglexerim

274 3195 344 3236 nam
366 3173 451 3254 Argo
472 3192 572 3234 -ea
594 3172 673 3233 enim
692 3171 886 3251 intellegetur
905 3193 1030 3234 neeesse
1052 3179 1162 3235 est-
1183 3176 1305 3254 longius
1324 3177 1376 3236 eir

275 3281 341 3341 eret
362 3297 452 3357 quam
469 3281 504 3340 ut
519 3277 626 3338 beluae
639 3276 768 3337 motibus
782 3279 957 3339 inlideretur
968 3275 1007 3353 ⁹⁶).
1044 3277 1151 3338 deinde
1164 3283 1264 3340 autem
1276 3282 1377 3340 turres

275 3383 345 3443 olim
366 3382 578 3461 praecipitatas
590 3380 715 3440 monstri
729 3379 809 3440 illius
823 3379 1023 3440 voluminibus
1037 3385 1243 3443 resurrexisse
1257 3383 1377 3463 fingens

275 3485 417 3546 Valerius
442 3504 506 3546 rem
538 3481 725 3560 ineptissime
754 3482 846 3543 auxit.
885 3482 973 3542 video
1004 3483 1123 3562 quidem
1150 3484 1297 3564 quosdam
1325 3487 1379 3546 sut

275 3586 483 3659 oonieotando‚
509 3589 543 3646 ut
567 3583 772 3646 Burmannnm
800 3587 831 3645 et
860 3583 1125 3662 Friesemannum,
1152 3588 1206 3647 aut
1232 3587 1378 3669 interpre-

275 3689 382 3764 tando,
405 3694 440 3750 ut
466 3689 669 3768 Wagnerum,
695 3690 803 3768 poetae
833 3687 993 3756 subvenire
1010 3689 1159 3764 voluisse,
1185 3689 1239 3751 sed
1259 3690 1378 3752 illorum

274 3791 453 3856 oonieoturis
473 3810 551 3871 quae
567 3795 638 3852 sunt
651 3809 741 3873 rupes
756 3795 787 3850 et
794 3811 912 3872 puppes
926 3795 1060 3854 mutatur
1074 3793 1191 3868 vitium,
1201 3812 1264 3854 non
1279 3813 1384 3856 emen-

274 3901 377 3972 detur3
405 3914 503 3976 neque
531 3914 607 3976 quae
629 3893 805 3972 Wagnerus
832 3893 933 3953 verbis
963 3895 1000 3954 de
1030 3894 1135 3975 quibus
1157 3895 1259 3975 agitur
1278 3897 1379 3958 inesse

376 4149 403 4214 *t
425 4149 512 4199 Beokii
531 4119 701 4198 tonieoturam
719 4165 734 4199 a
751 4149 883 4212 Wagnero
900 4148 1027 4199 laudatam
1047 4151 1178 4198 intremere
1196 4152 1275 4199 undae
1291 4151 1377 4198 inlidi-

273 4251 318 4297 que
335 4239 404 4286 vadis
424 4251 476 4285 non
497 4233 571 4284 debui
590 4231 706 4282 omittere
727 4234 754 4283 in
771 4232 933 4284 adnotatione
950 4234 1048 4298 critico,
1069 4237 1208 4294 esttamen
1226 4235 1376 4300 reiectanea,

273 4322 331 4386 quis
350 4321 409 4371 illae
427 4336 500 4371 voees
519 4319 550 4370 sd
568 4319 618 4370 vim
636 4318 723 4370 beluae
740 4317 933 4382 significandam
953 4332 1005 4368 non
1025 4318 1160 4370 ruffioiunt.
