3086 4968
644 445 733 488 CAPUT
752 445 783 487 11.
1212 451 1262 496 ΠΧ

149 620 292 702 proturba
312 635 374 678 vox
402 614 560 695 scrupulos
581 615 690 674 movet
725 631 815 692 quem
837 612 864 672 si
883 612 1027 676 mtactam
1047 615 1259 699 linqueremus,

154 722 214 784 elia
233 721 327 782 herba
346 720 469 800 praeter
487 717 593 778 florem
612 715 823 778 Prometheum
843 715 1048 795 intellegenda
1068 723 1159 798 esset,
1179 725 1260 803 quod

153 824 221 886 fieri
245 824 351 904 nequit
368 824 492 904 propter
511 819 662 900 Apollonii
682 818 734 880 ΠΙ
755 821 817 881 845
838 839 902 900 sqq.
921 822 953 880 et
974 819 1089 884 'Valerii
1109 824 1173 886 VII
1196 831 1258 890 365

155 931 188 990 et
215 931 296 1004 449,
325 927 433 1006 quibus
460 924 533 986 locis
562 922 698 987 omnibus
726 921 782 984 flos
809 921 861 982 ille
890 924 972 985 solus
1003 933 1260 994 commemoratur.

155 1031 263 1110 quodsi
283 1031 424 1112 pramiua
444 1029 529 1108 patet
542 1025 779 1121 submovepdum
799 1045 877 1102 esse,
898 1047 937 1088 ne
955 1031 1126 1112 ,uutea'tapue
1140 1035 1262 1115 quidem

155 1133 253 1196 teneri
275 1135 393 1214 potest,
421 1151 489 1193 cum
512 1131 692 1212 praesertim
715 1147 774 1209 qua
795 1148 828 1188 re
853 1133 909 1190 unt
927 1130 967 1192 'ta
991 1137 1095 1196 essent
1114 1138 1261 1217 gramina,

156 1257 217 1299 non
242 1236 445 1316 significatum
470 1235 517 1298 sit.
555 1235 587 1296 id
613 1253 680 1294 cum
705 1232 772 1294 aliis
796 1231 882 1294 Italis
910 1231 1050 1315 Baptista
1073 1237 1145 1300 Pius
1173 1242 1258 1322 vidit,

157 1341 208 1421 qui
228 1343 348 1410 tonitru,
362 1341 400 1424 et
409 1340 526 1420 promit
539 1337 659 1418 scripsit
677 1355 732 1417 pro
746 1337 862 1418 uouit
882 1338 913 1399 et
927 1341 1028 1419 pouto',
1047 1361 1123 1422 quae
1144 1345 1177 1406 in
1194 1345 1259 1410 Mo·

156 1444 280 1506 nacensi
299 1443 457 1522 leguntur,
486 1459 577 1519 quom
602 1459 697 1502 unum
719 1439 804 1520 sequi
825 1441 968 1502 debemus
999 1444 1031 1504 in
1060 1446 1098 1508 iis
1118 1451 1259 1513 carminis

156 1547 309 1628 partibus,
329 1545 361 1606 in
382 1543 490 1623 quibus
511 1542 677 1608 Vaticanus
700 1544 807 1606 deficit
844 1544 899 1606 sed
923 1563 981 1626 qua
1002 1548 1124 1612 tandem
1144 1554 1261 1618 ratione

157 1653 271 1712 tonitru
298 1648 434 1728 gramine
459 1646 510 1710 illa
540 1646 654 1708 nutrite
681 1665 750 1707 esse
771 1648 856 1708 nobis
878 1646 1047 1727 fingamus?
1081 1673 1152 1716 nam
1180 1661 1262 1737 quod

157 1754 229 1815 Pius
260 1751 430 1826 adnotavit,
456 1752 565 1812 herbas
594 1749 674 1812 diras
705 1769 741 1812 ac
766 1751 932 1814 virulentas
953 1754 1038 1816 nasci
1057 1755 1089 1817 in
1109 1758 1183 1822 locis
1205 1762 1260 1823 fnl-

157 1857 236 1918 mine
259 1855 426 1938 percussis,
451 1855 481 1916 id
504 1854 588 1916 nihili
608 1857 662 1917 est.
697 1853 799 1933 itaque
821 1875 889 1918 cnm
910 1858 1067 1935 graviores
1089 1861 1150 1923 sint
1170 1864 1260 1928 huius

157 1979 267 2023 vorsus
289 1959 493 2040 corruptelae,
515 1977 605 2038 quam
628 1975 705 2036 quae
727 1958 837 2020 litteris
859 1961 976 2022 tantum
996 1965 1120 2026 mumtis
1143 1969 1261 2031 submo-

156 2065 295 2139 veantur,
316 2063 367 2123 illo
388 2061 426 2121 de
448 2079 507 2139 quo
525 2059 626 2139 agitur
647 2061 826 2122 emendandi
845 2063 1015 2128 adiumento
1028 2086 1103 2128 usus
1115 2069 1147 2131 in
1161 2075 1262 2135 arohe-

157 2169 233 2248 typo
254 2166 395 2228 Vaticani
412 2166 532 2226 Te'tauio
549 2166 690 2245 proturba
712 2183 729 2225 e
750 2185 844 2227 versu
856 2169 919 2227 449
939 2188 1031 2250 supra
1052 2191 1176 2236 versum
1198 2181 1260 2240 357

159 2268 344 2350 adscriptum
370 2269 464 2330 fuisse
499 2269 626 2344 conicio,
659 2267 739 2329 unde
766 2269 794 2329 is
824 2270 875 2350 qni
896 2270 1077 2335 Vaticanum
1104 2275 1263 2360 descripsit

156 2376 297 2456 premiere
320 2372 481 2434 deduxerit
501 2375 533 2434 et
553 2374 731 2452 nutritaque,
753 2372 882 2434 sortasse
904 2393 926 2434 e
942 2395 1035 2438 vorsu
1057 2381 1120 2441 359
1143 2381 1181 2442 de
1205 2405 1262 2464 quo

159 2475 237 2536 infra
254 2476 365 2554 dicam,
395 2475 550 2538 addiderit
585 2494 642 2556 quo
670 2475 760 2536 modo
784 2479 954 2556 corruptela
981 2479 1073 2543 latius
1101 2504 1265 2566 progressa

160 2577 201 2638 sit
222 2611 265 2622 --
285 2597 356 2639 nam
369 2582 459 2661 pocati
478 2599 597 2659 quoque
619 2578 768 2660 scriptura
784 2580 950 2660 depravata
970 2587 1018 2646 est
1036 2621 1080 2632 —-
1100 2607 1168 2652 cum
1183 2591 1265 2656 Vati-

160 2698 253 2741 canus
276 2681 347 2760 quid
370 2682 542 2744 exhibuerit
559 2682 720 2758 nesciatur,
742 2683 774 2744 in
788 2684 887 2745 medio
903 2685 1049 2767 relinquo,
1066 2691 1151 2753 lubet
1163 2697 1264 2758 tamur

160 2803 329 2865 proponere
356 2785 495 2862 lecturis,
525 2787 644 2866 qualem
671 2786 735 2847 fere
765 2787 845 2848 hune
866 2808 989 2851 versum
1011 2809 1029 2852 a
1051 2797 1141 2873 poeta
1162 2798 1265 2862 datum

162 2905 231 2946 esse
252 2886 395 2965 cogitem:
420 2891 611 2954 Prometheae
628 2888 742 2970 florem
770 2889 805 2954 de
832 2895 976 2972 raupuabe
996 2893 1096 2974 fibrae
1122 2899 1268 2967 Caucasei

154 2993 272 3073 promit
288 2997 462 3074 peaeraturu
487 2997 596 3057 uertice
616 2997 737 3070 moute,
767 3013 853 3076 quera
881 3015 966 3060 sacer
987 3000 1043 3062 aa
1065 3021 1089 3063 e.
1112 3023 1139 3082 q.
1163 3026 1204 3068 s..
1231 3011 1264 3070 in

161 3113 254 3155 versu
276 3099 337 3158 359
364 3097 435 3178 qm'n
458 3097 549 3161 durat
575 3099 690 3181 editque
718 3117 737 3161 a
763 3119 854 3161 manu
875 3099 991 3162 Valerii
1020 3123 1081 3164 non
1111 3108 1151 3169 sit
1177 3107 1265 3176 n'emo

161 3197 322 3274 dubitablt3
349 3217 419 3261 nam
449 3202 528 3281 quod
551 3202 692 3264 dixerunt
712 3203 910 3284 interpretes,
931 3205 1017 3268 edere
1038 3211 1164 3274 verbnm
1186 3216 1266 3280 idem

162 3300 266 3361 valera
284 3303 340 3362 hoo
361 3302 435 3381 loco,
459 3305 539 3382 quod
560 3306 716 3369 oormdere
735 3308 785 3368 vel
807 3308 976 3371 moratum
989 3309 1104 3392 faeere,
1127 3317 1158 3378 id
1171 3321 1265 3384 reiec-

164 3407 287 3465 taneum
316 3407 372 3466 est
407 3405 540 3467 iudicent
562 3412 663 3470 autem
682 3411 818 3472 homines
838 3411 933 3489 docti,
964 3417 1065 3477 utrum
1091 3419 1182 3484 durat
1200 3427 1269 3489 atit-

163 3510 278 3589 queab
300 3508 426 3570 Heinsio
451 3514 483 3572 et
503 3509 634 3590 Bnlaso,
662 3533 701 3574 en
724 3513 815 3577 durat
837 3519 955 3599 apitque
984 3537 1003 3580 a
1029 3519 1095 3582 viro
1124 3525 1211 3589 docto
1235 3531 1267 3592 in

163 3613 299 3691 margine
325 3612 463 3675 Venetae
492 3615 645 3693 editionis,
676 3636 715 3679 an
749 3618 877 3700 denique
903 3627 999 3686 autaut
1021 3629 1139 3709 aputque
1172 3650 1190 3693 a
1218 3655 1267 3696 me

162 3716 345 3796 probabilius
369 3718 567 3780 coniectatum
589 3721 636 3782 sit·

267 3818 466 3884 Glossematis
486 3843 604 3904 quoque
624 3843 701 3903 quae
723 3825 864 3889 dicuutur
886 3829 916 3890 in
938 3833 1031 3894 verba
1044 3838 1152 3913 poetae
1167 3837 1272 3900 inlatis

164 3923 260 3984 codex
281 3924 446 3987 Vaticanus
473 3927 554 3988 haud
582 3945 651 3988 raro
672 3928 846 4008 inquinatus
876 3935 931 3995 est.
968 3937 1064 3998 veluti
1085 3937 1116 3999 V
1138 3943 1195 4015 53,
1218 3941 1269 4002 ubi

163 4026 223 4087 iam
258 4027 290 4087 in
321 4029 537 4108 antiquissimis
566 4029 745 4094 editionibus
768 4040 908 4117 praenota
934 4039 1061 4118 legitur,
1095 4042 1191 4102 codex
1217 4043 1269 4104 ille

158 4135 322 4213 praeeapob
344 4133 473 4194 exhibet.
507 4133 646 4194 nimirum
663 4157 813 4220 praeeapa
831 4159 924 4222 supra
944 4162 1067 4204 versum
1086 4147 1117 4204 et
1128 4148 1270 4225 praesuta

164 4234 283 4315 inipso
306 4255 398 4300 versu
428 4237 574 4318 scripturn
596 4238 735 4302 librarius
763 4243 871 4323 aliquis
892 4245 1111 4324 conglutinavit
1134 4251 1166 4310 et
1180 4271 1270 4334 prae-

164 4339 251 4419 rupta
271 4339 399 4420 scripsit
423 4375 465 4388 «-
487 4361 556 4404 non·
569 4345 630 4404 tam
649 4347 732 4406 certa
752 4365 801 4406 res
826 4351 874 4408 est
895 4348 925 4410 in
948 4348 1016 4410 libri
1029 4350 1118 4430 primi
1131 4353 1271 4414 versibus
