3110 4972
236 377 303 446 120
662 399 685 436 c.
701 394 805 439 vinnm
820 393 918 434 mucor

325 550 448 612 sustulit
468 548 516 611 hic
533 549 669 628 geminas
689 545 821 622 Phineus
843 546 881 607 ad
904 545 1005 606 sidera
1026 545 1151 625 palmas,
1194 557 1196 562 ’

319 645 430 733 ‘teque'
451 652 495 713 ait
510 642 641 727 ‘iniusti,
661 669 736 731 quae
757 669 836 710 nuno
858 647 985 729 premis,
1006 647 1052 709 irs
1074 648 1206 710 tonantis

327 758 397 818 ante
418 773 542 835 precor,
564 757 686 816 nostrae
708 753 830 812 tandem
851 751 910 812 iam
931 769 1021 832 parce
1044 753 1199 828 senectam
1279 756 1342 816 475

327 860 367 920 sit
389 859 506 926 modus:
531 857 563 916 et
583 857 646 916 fore
671 856 758 916 oredo
781 853 917 940 equidem
923 880 931 930 ;
950 873 1021 916 nam
1041 858 1146 918 vestra
1166 856 1307 917 voluntas

327 961 412 1044 quid,
433 961 573 1036 invenes,
597 959 661 1019 sine
683 976 757 1039 pace
778 957 887 1018 deum?
910 977 966 1019 nec
986 959 1097 1020 credite
1118 959 1237 1040 culpam

328 1065 473 1126 saevitiae
495 1062 680 1122 scelerumve
699 1060 772 1122 mihi
793 1079 872 1121 nunc
894 1059 1017 1123 erimina
1038 1061 1144 1142 pendi;

328 1169 391 1229 iata
409 1168 522 1247 loquax
543 1167 732 1244 mentemque
754 1161 837 1224 Iovis
860 1181 995 1245 quaeque
1011 1165 1113 1226 abdita
1133 1165 1215 1226 solus
1255 1242 1261 1255 ι

329 1269 453 1331 consilia
474 1271 506 1329 et
528 1267 616 1328 terris
638 1265 736 1327 subito
757 1269 887 1326 ventura
908 1266 1035 1346 parabat
1279 1269 1345 1328 480

327 1370 517 1453 prodideram
538 1370 684 1433 miserans
704 1368 855 1429 hominum
876 1356 985 1447 genus}
1007 1369 1076 1429 hinc
1098 1367 1169 1429 mihi
1190 1371 1275 1430 tanta

327 1473 423 1556 pestis
446 1475 478 1534 et
499 1471 613 1534 offusae
636 1472 734 1534 media
754 1471 833 1532 inter
855 1471 935 1534 dicta
956 1473 1106 1534 tenebrae.

328 1579 388 1638 iam
410 1576 530 1638 tandem
554 1595 672 1637 cessere
694 1576 772 1648 irae;
792 1593 847 1635 neo
868 1595 970 1654 casus,
992 1577 1031 1647 ab
1054 1578 1114 1638 alto

327 1679 393 1760 ipse
412 1679 518 1741 volens
538 1679 648 1739 nostris
669 1679 723 1739 sed
744 1697 799 1738 vos
819 1677 894 1738 dens
916 1679 1032 1760 appulit
1052 1671 1127 1741 oris.>

326 1781 369 1841 sic
391 1781 432 1841 ait
455 1785 499 1860 et,
523 1781 591 1842 fatis
612 1782 654 1842 ita
675 1782 734 1842 iam
756 1782 944 1860 cedentibus,
968 1802 1071 1846 omnes
1280 1784 1344 1843 485

328 1884 438 1964 inpulit
461 1887 492 1944 et
513 1884 605 1946 durae
628 1884 786 1946 commovit
808 1885 939 1964 imagine
961 1903 1083 1964 poenae.

326 1987 483 2048 instituere
505 1989 586 2048 toros
607 1987 772 2067 mediisque
794 1987 945 2067 tapetibus
965 1988 1064 2069 ipsum

327 2090 476 2170 accipiunt
499 2090 668 2170 circumque
690 2091 803 2163 iacent;
828 2091 916 2150 simul
940 2110 1070 2172 aequora
1093 2095 1216 2154 servant
1276 2151 1278 2156 .

329 2197 412 2254 astra
434 2194 539 2268 simul,
561 2195 704 2273 vescique
726 2194 830 2254 iubent
851 2212 886 2254 ae
908 2194 1028 2256 mittere
1048 2213 1151 2256 curas:

329 2317 396 2357 eum
419 2296 536 2357 subitus
555 2297 665 2358 misero
688 2278 800 2357 tremor
823 2300 854 2357 et
876 2297 1020 2377 pallentia
1039 2298 1152 2377 primae
1282 2300 1348 2358 490

328 2418 381 2460 ora
405 2398 485 2460 senis
505 2400 611 2478 fugere
631 2421 746 2462 manus.
790 2419 846 2462 nee
867 2399 985 2481 prodita
1006 2400 1101 2480 pestis

330 2505 415 2577 ante,
438 2501 544 2561 sedin
566 2503 671 2563 mediis
694 2504 820 2584 dapibus
842 2503 946 2566 videre
968 2496 1115 2565 volucres.

309 2635 310 2638 ¹
329 2607 446 2684 fragrat
466 2606 591 2665 acerbus
616 2607 698 2693 odor·
710 2607 857 2687 patriique
877 2607 997 2688 expirat
1017 2607 1133 2669 Averni

329 2709 454 2782 halitus;
477 2727 570 2768 unum
592 2727 695 2770 omnes
716 2709 867 2771 incessere
886 2711 1071 2792 planctibus,
1093 2731 1187 2774 unum

330 2813 473 2874 infestare
497 2829 618 2887 manus;
641 2812 737 2872 inhiat
759 2811 884 2893 Cocytia
907 2814 1004 2874 nubes
1286 2816 1350 2874 495

332 2915 487 2976 luxurians
510 2915 635 2996 ipsoque
658 2916 757 2974 ferens
779 2917 899 2976 fastidia
919 2917 995 2980 visu.

351 3207 402 3252 474
419 3201 497 3267 nuno]
521 3218 560 3252 me
581 3221 593 3252 e
680 3203 773 3268 premis
799 3201 838 3250 ira
865 3201 942 3250 Bosa:
967 3200 1122 3266 praemisera
1145 3203 1175 3261 V,
1204 3202 1297 3267 premit
1313 3203 1354 3252 ira

248 3287 280 3335 Μ
292 3286 350 3334 Aid.
456 3291 505 3337 475
524 3287 618 3351 Parce,
638 3304 729 3354 precor
747 3277 840 3338 Bulbus
858 3295 881 3334 et
898 3289 1032 3347 Heinsius,
1056 3291 1139 3348 quiet
1156 3287 1211 3336 Iam
1229 3302 1353 3356 precoro

244 3375 381 3434 proposuit.
416 3373 512 3433 Tanta,
538 3391 628 3439 precor
645 3378 818 3433 Burmunnus,
844 3380 871 3420 ut
892 3375 963 3422 tants
982 3376 1014 3422 sd
1034 3372 1074 3422 ira
1094 3371 1228 3434 referatur.
1296 3379 1354 3424 tan-

248 3455 316 3520 dem]
339 3457 413 3507 finem
431 3460 505 3518 Pius,
531 3469 559 3509 ut
579 3464 684 3524 ponunt
707 3463 736 3510 at
764 3463 821 3509 ante
943 3462 993 3510 477
1018 3457 1078 3522 quid
1100 3475 1154 3508 suns
1176 3461 1252 3509 Bulbo
1274 3461 1355 3510 Hein-

252 3543 320 3590 sius:
345 3541 418 3598 Quod
443 3544 490 3602 Vs,
522 3559 570 3607 quo
596 3547 734 3595 Gronovius
761 3546 851 3593 observ.
877 3541 914 3592 lv
933 3547 964 3594 21
994 3551 1020 3592 st
1047 3545 1156 3595 Vossius.
1200 3559 1245 3596 nec
1271 3549 1358 3596 vesus

252 3625 382 3690 voluntas,
405 3625 561 3693 Oiuvenes,
588 3631 642 3680 sine
663 3646 725 3697 pecs
754 3629 828 3680 deum
851 3629 1006 3678 Ousuubonus
1028 3637 1089 3678 tssts
1110 3631 1253 3680 Burmannus

253 3714 303 3760 481
322 3709 487 3760 Prodidersm
505 3722 541 3778 ψι
559 3713 711 3765 Prodiderat
733 3717 757 3766 V
841 3717 892 3763 482
909 3714 1003 3764 offusas
1021 3715 1157 3764 Gronovius
1175 3718 1191 3766 i.
1211 3719 1246 3767 i:
1266 3716 1357 3768 effusae

258 3793 284 3851 V
349 3795 432 3846 media
452 3806 488 3862 sp:
514 3799 611 3849 mediae
631 3801 656 3850 V
757 3805 807 3850 484
826 3797 915 3848 ussus
932 3815 956 3848 m
1058 3804 1109 3852 485
1135 3801 1186 3850 ism
1208 3801 1261 3852 ism
1278 3804 1359 3852 Hein-

255 3883 306 3929 sius
332 3915 334 3923 .
375 3886 425 3934 486
445 3879 515 3931 dirae
532 3885 652 3932 Heinsius
754 3889 803 3934 487
824 3881 967 3935 Instravere
984 3886 1104 3934 Heinsius
1173 3888 1261 3938 thoros
1283 3891 1308 3940 V

255 3973 305 4020 489
323 3983 353 4018 ac
371 3968 470 4018 mittere
490 3975 525 4034 ψι
550 3967 680 4018 admittere
704 3971 734 4028 V,
759 3967 874 4018 dmittere
892 3970 927 4018 H
1041 3975 1091 4021 492
1109 3970 1195 4022 uidere
1217 3975 1242 4025 V

255 4058 306 4104 493
326 4053 439 4119 Fragrst
454 4053 558 4103 acerbus
570 4056 644 4104 Ara:
670 4054 793 4118 Frsglsts
810 4068 900 4102 ceruus
910 4055 940 4114 V,
966 4054 1073 4120 Flagrat
1090 4057 1204 4108 acerbius
1221 4061 1255 4110 H
1268 4059 1289 4127 (i
1300 4070 1360 4123 post

256 4139 368 4206 disemo)
442 4138 568 4204 patriique
588 4141 644 4190 Mo:
662 4137 778 4205 patrique
794 4139 824 4197 V,
842 4137 970 4203 patrisque
993 4149 1017 4207 ψ
1098 4147 1148 4194 499
1168 4145 1266 4211 cocytia
1281 4145 1362 4196 nubes

256 4225 284 4272 iu
300 4239 350 4274 rus.
371 4240 417 4276 sor.
443 4226 510 4278 Vns.
532 4241 577 4276 sse.
684 4229 732 4276 495
752 4223 931 4276 LuxoriansV
998 4225 1101 4278 fastidia
1117 4228 1176 4280 uisu
1194 4232 1221 4280 in
1239 4247 1288 4282 rus.
1311 4248 1361 4286 scu

262 4309 286 4358 V
301 4323 332 4358 m.
354 4323 400 4359 ser.
