3110 4972
404 444 428 484 c.
442 441 550 483 vinear
563 441 664 482 rnscm
687 438 909 482 sanonsvmcon
931 439 1016 482 amna
1030 439 1071 482 v1.
1224 417 1287 485 163

264 616 299 658 sa
321 595 451 678 primum
470 593 645 658 Haemoniis
664 593 818 655 hortatum
838 611 876 654 ea
896 592 1011 655 vellera
1032 593 1122 656 terris

264 700 392 760 reddere
413 700 446 760 et
467 695 594 758 exuvias
616 695 741 777 pecudis
762 694 912 756 dimittere
933 714 1050 758 sacrae:

211 802 215 812 '
260 800 329 862 hino
350 799 452 862 odium
473 802 505 862 et
524 797 602 861 tanti
625 797 747 860 venisse
768 798 893 862 exordia
913 799 992 862 betti
1239 805 1282 864 20

263 902 337 983 quin
357 903 459 983 potius
481 903 679 981 dextramque
701 917 787 960 suam
809 919 923 984 suaque
941 921 1026 965 arma
1046 907 1219 984 sequantur,

260 1008 316 1068 aut
339 1008 491 1082 remeent;
513 1024 611 1087 neque
633 1001 851 1068 enimAeetae
872 1005 1020 1087 promissa
1040 1005 1189 1089 fidemque

259 1127 330 1170 esse
352 1089 433 1182 ¹loco;
455 1107 626 1170 abstineant
646 1105 762 1170 atienae
783 1109 931 1188 sanguine
950 1128 1080 1192 pugnae.

258 1225 320 1275 non
337 1211 405 1274 illos
426 1210 494 1272 ideo
517 1208 595 1271 tanti
618 1208 741 1270 venisse
761 1209 880 1272 labores

258 1333 314 1396 per
334 1313 434 1374 maris.
479 1311 592 1392 ignotis
614 1310 685 1393 quid
706 1329 783 1394 opus
805 1331 983 1376 concurrere
1004 1334 1061 1377 nee
1084 1335 1159 1396 quos
1238 1319 1279 1380 25

259 1419 380 1482 oderis?
402 1416 477 1478 haee
497 1414 596 1477 medio
616 1413 727 1476 Perses
748 1415 821 1476 dum
842 1416 978 1497 tempore
998 1415 1130 1500 mandat,

257 1541 368 1585 aureus
390 1517 503 1580 effulsit
524 1518 638 1599 eampis
658 1518 768 1596 rubor,
788 1537 931 1600 armaque
952 1522 984 1582 et
1002 1539 1088 1584 acres

226 1637 233 1652 ·
257 1627 365 1707 sponte
386 1641 444 1685 sua
465 1624 623 1703 strepuere
641 1623 746 1684 tubae
784 1621 868 1682 Mars
888 1640 1001 1685 saevus
1022 1625 1060 1686 ab
1078 1624 1150 1688 altis

252 1720 361 1790 ‘hostis
380 1725 409 1788 io
416 1717 433 1802 ‚²
456 1726 623 1788 conclamat
644 1723 730 1804 equis
744 1715 841 1803 ‘agite
859 1723 918 1802 ite,
938 1719 1135 1808 propinquat'

256 1849 293 1892 ao
315 1829 404 1891 simul
425 1827 494 1890 hinc
515 1824 656 1906 Colchos,
678 1825 748 1888 hino
768 1826 867 1888 uinus
888 1827 920 1890 in
937 1847 1069 1911 aequora
1086 1828 1208 1893 Persen.
1238 1835 1280 1894 30

256 1936 330 1995 turm
352 1935 384 1994 et
405 1931 532 2012 quisque
554 1931 618 1992 suis
643 1927 791 1990 commisit
813 1930 928 2010 proelia
948 1931 1028 2008 telis,

255 2055 375 2117 voxque
397 2035 446 2097 dei
469 2034 583 2117 pariter
603 2052 723 2116 pugnae
741 2032 846 2095 audita
866 2051 922 2114 per
940 2052 1052 2096 omnes.

320 2181 400 2244 Hine
420 2201 478 2264 age
496 2183 633 2265 Rhipaeo
654 2201 729 2264 qnos
752 2181 865 2244 rideris
886 2183 957 2244 orbe
978 2182 1104 2263 furores,

256 2285 360 2366 Musa,
383 2307 487 2363 mone;
511 2289 622 2368 quanto
647 2283 802 2365 Scythiam
823 2284 973 2349 molimine
995 2285 1106 2348 Perses

255 2387 410 2468 consissit,
435 2389 501 2471 quis
522 2390 618 2450 fretus
636 2388 724 2469 equis
743 2407 799 2471 per
819 2389 899 2451 bella
917 2389 1059 2470 virisque.
1141 2389 1142 2394 ’
1233 2397 1274 2457 35

255 2511 362 2552 verum
384 2511 442 2572 ego
465 2511 522 2554 neo
543 2510 667 2553 numero
689 2509 852 2552 memorem
872 2509 929 2553 nec
951 2493 1071 2555 nomine
1093 2496 1216 2557 ounotos

254 2593 337 2654 mille
359 2595 486 2656 velera
509 2614 651 2670 movens;
673 2613 772 2673 neque
795 2595 876 2656 enim
897 2594 989 2676 plaga
1010 2596 1151 2675 gentibus
1173 2600 1235 2662 ulla

254 2697 359 2759 ditior:
383 2699 506 2759 aeterno
530 2717 709 2780 quamquam
729 2697 862 2761 Maeotia
882 2698 979 2780 pubes

254 2799 355 2861 Marte
377 2799 482 2877 eadat,
503 2799 609 2882 pingui
629 2820 792 2882 numquam
813 2803 915 2862 tamen
935 2801 1028 2862 ubere
1050 2801 1132 2880 defit,

199 2896 201 2900 ’
254 2903 333 2982 quod
350 2903 487 2982 geminas
503 2907 616 2982 arctos,
634 2921 838 2982 magnumque
852 2901 933 2983 quod
946 2879 1060 2983 inpl‘esi
1074 2923 1212 2987 anguem.
1234 2911 1277 2972 40

253 3024 327 3085 ergo
349 3005 443 3066 duces
466 3006 621 3090 solasque,
641 3005 733 3082 deae,
754 3005 825 3068 mihi
844 3005 971 3086 promite
991 3007 1109 3086 gentes.

271 3283 301 3327 18
322 3293 352 3326 ea
369 3268 510 3327 deiecerunt
528 3294 551 3326 m
573 3287 597 3327 st
616 3280 750 3336 Heinsius,
779 3279 863 3336 quiet
883 3275 1012 3325 hortatum
1032 3280 1057 3326 st
1074 3277 1168 3329 vellera
1181 3299 1273 3344 propo·

166 3366 215 3412 suit
319 3367 351 3412 22
371 3367 456 3413 aoaeto
478 3365 503 3414 V
605 3367 636 3412 23
657 3362 753 3412 atienae
779 3359 933 3423 asanguine
951 3362 983 3422 0,
1010 3361 1092 3412 alieno
1116 3368 1271 3430 ssanguins

164 3451 237 3498 sedec
255 3451 395 3497 Burnunni
498 3453 531 3498 24
553 3449 637 3497 tantos
656 3449 715 3497 Atel.
823 3451 854 3496 25
872 3445 963 3510 ignoti.
998 3450 1093 3497 subiate
1112 3459 1172 3511 post
1193 3455 1272 3505 maris

164 3536 361 3596 interpunctione
382 3543 412 3598 ψ.
439 3533 511 3584 hnc
529 3532 589 3582 iilos
608 3530 666 3581 ideo
684 3531 750 3581 tanti
766 3531 864 3582 venisse
883 3531 996 3581 laborem
1013 3533 1065 3583 Per
1082 3535 1176 3588 maris?
1196 3538 1270 3602 igno-

163 3619 198 3669 tis
216 3633 235 3669 e.
256 3633 279 3679 q.
303 3635 322 3669 s.
342 3621 463 3668 Heinsius
567 3622 599 3668 27
617 3618 713 3667 Aereus
732 3619 794 3666 idem
875 3617 968 3667 effulsit
984 3633 1024 3670 m:
1042 3624 1068 3670 st
1084 3618 1157 3671 fulsit
1179 3625 1205 3674 V

164 3709 196 3755 28
218 3719 338 3768 crepuere
357 3707 479 3754 Heinsius
547 3703 579 3753 ab
596 3719 637 3753 sn:
657 3703 689 3753 ob
711 3705 736 3754 V
838 3707 870 3753 29
889 3703 905 3753 i.
925 3719 948 3752 o.
970 3705 996 3755 V
1067 3705 1137 3770 agite
1155 3707 1191 3758 ite
1208 3725 1269 3775 pro-

164 3789 271 3854 pinquat
287 3805 327 3840 m:
345 3790 414 3855 agite
430 3790 466 3839 ite
483 3789 518 3839 its
536 3790 691 3855 propinquat
708 3789 737 3848 V,
756 3787 792 3836 ite
809 3786 844 3836 its
864 3788 1020 3854 propinquat
1036 3791 1196 3844 Burmannus
1212 3814 1269 3846 een·

163 3877 220 3926 iecit
251 3875 256 3880 “
324 3881 358 3926 30
376 3891 468 3940 persen
486 3889 526 3925 m:
544 3890 643 3939 persam
664 3875 689 3924 V
790 3877 822 3922 31
843 3873 946 3939 quisque
965 3876 1140 3928 Burmannus:
1158 3894 1270 3947 quasque

168 3961 229 4027 Vspc
250 3963 372 4011 Heinsius
446 3959 580 4011 committit
603 3959 730 4008 Carrionr's
749 3973 794 4008 see.
813 3967 838 4008 et
855 3961 1014 4009 Burmannus
1099 3962 1158 4012 telis
1176 3966 1269 4017 Aidum

163 4053 260 4094 secsuus
276 4049 453 4097 Burmannus:
473 4045 549 4096 terris
570 4046 693 4104 Vesus,
712 4043 803 4093 turmis
823 4045 951 4094 Heinsius.
988 4047 1105 4096 librorum
1123 4051 1270 4110 empturum

164 4178 299 4240 infeliciter
316 4182 425 4243 defendit
442 4183 544 4232 Duces
560 4185 589 4232 de
605 4183 712 4231 lucratis
782 4184 814 4230 33
833 4179 907 4228 Nunc
925 4181 1046 4230 Heinsius
1114 4143 1204 4250 riphteo
1214 4190 1240 4240 V

164 4271 197 4318 38
218 4266 316 4316 alterno
334 4270 492 4318 Bumannus
561 4266 685 4316 maeotios
703 4283 727 4316 m
814 4269 847 4315 ³9
866 4263 928 4313 urbs
945 4266 979 4314 H
1062 4271 1095 4316 40
1112 4270 1225 4332 geminas
1237 4291 1273 4328 m,-

162 4350 279 4414 geminos
292 4353 316 4402 V
383 4367 490 4416 anguem
502 4367 541 4402 m:
560 4365 642 4415 angue
653 4353 678 4402 V
751 4355 782 4400 41
801 4348 929 4414 promisite
947 4353 1009 4413 (unc
1022 4353 1094 4400 iitsra
1106 4369 1178 4406 erues
1187 4361 1236 4422 cst)
1249 4363 1274 4413 V

988 4435 1056 4498 11*
