3072 4974
700 425 961 468 &mammeti

364 597 457 642 saeva
478 579 599 660 quidem
617 577 694 640 lueis
713 578 833 644 miseris
851 597 951 652 mora3
972 579 1047 640 dent
1066 581 1184 658 umen,
1209 599 1272 658 oro,

362 704 456 746 unum
475 683 560 744 illum
579 681 651 744 nnibi
670 682 735 742 ieta
755 681 850 756 diem,
871 681 923 761 qui
944 681 1030 744 fellet
1049 680 1183 745 Aebiros

366 789 411 850 eie
430 787 567 865 meritos,
588 803 706 866 qnoque
725 785 807 846 hune
826 783 946 846 videam
967 783 1080 846 virtute
1102 790 1267 868 superbum
1322 792 1385 851 735

364 889 537 951 Aesoniden
558 893 660 950 tantos
678 888 801 950 flentem
821 889 888 948 sine
907 889 1021 949 bonore
1040 883 1174 951 labores.¹

363 993 482 1054 dixerat
502 992 592 1070 been,
615 993 781 1074 pontusque
804 991 868 1054 suis
887 992 1047 1054 everberat
1067 994 1159 1054 armis

362 1101 395 1156 et
415 1095 533 1174 galeam
554 1095 646 1170 lietu,
667 1095 786 1174 galeam
807 1094 992 1180 singultibus
1012 1095 1133 1177 implet;

362 1201 427 1263 ibat
448 1203 481 1262 et
502 1201 534 1261 in
555 1197 646 1259 medii
665 1197 812 1279 praedeps
828 1197 966 1260 ineendia
987 1199 1067 1277 belli,

256 1307 266 1324 ⁰
361 1305 393 1365 ni
414 1303 497 1385 prior
516 1300 653 1364 adversis
671 1301 771 1362 Pallas
790 1301 918 1362 vidisset
938 1302 977 1362 ab
999 1301 1101 1380 armis,
1321 1307 1385 1375 740

362 1409 395 1468 et
415 1424 519 1468 seeum
534 1393 609 1466 ‘ruit
631 1421 701 1464 eoae
723 1404 811 1464 lerex
831 1403 862 1463 in
883 1404 990 1466 lunera
1009 1403 1129 1480 Perses,

363 1527 452 1591 quern
473 1505 594 1586 genitor
616 1502 734 1568 Colchis
756 1507 890 1587 solioque
911 1507 1056 1588 inponere
1077 1507 1180 1568 fratris

361 1611 422 1673 iam
443 1608 557 1672 statut
600 1611 705 1670 nostra
726 1628 835 1671 vereor
856 1628 896 1671 ne
916 1609 1022 1672 fraude
1043 1615 1233 1692 peremptam

363 1714 499 1795 increpet
518 1716 551 1775 et
570 1713 689 1795 eulpam
710 1714 788 1775 bane
808 1731 920 1791 magno
942 1715 1058 1774 terrore
1076 1707 1240 1794 rependet’

360 1819 436 1880 baeo
453 1816 557 1878 dicens
578 1819 644 1878 atro
664 1818 805 1880 nebulam
827 1815 966 1879 diffundit
984 1816 1105 1893 amictu
1319 1822 1382 1880 745

362 1920 583 2000 stridentesque
604 1919 662 1982 viri
683 1920 796 1982 eireum
816 1922 908 2000 eaput
929 1923 1050 1981 amovet
1070 1920 1184 1981 basias.

360 2025 412 2088 ille
434 2044 526 2106 super
544 2025 641 2086 aoeies
660 2023 800 2086 elementi
820 2022 941 2083 turbine
962 2024 1072 2102 gentes

361 2128 504 2208 erigitur,
526 2127 709 2210 paulumque
731 2126 793 2188 levi
814 2127 954 2207 raptatus
975 2127 1007 2188 in
1028 2127 1136 2188 aethra

360 2233 421 2295 iam
443 2231 566 2293 tandem
586 2235 739 2293 extremas
759 2247 881 2311 pugnae
903 2229 1039 2290 defertur
1060 2229 1091 2290 in
1114 2247 1191 2306 oras,

360 2333 437 2396 forte
459 2332 510 2395 ubi
532 2353 619 2396 serua
641 2333 736 2395 Hiber
757 2331 991 2415 Issedoniaeque
1012 2333 1179 2414 phalanges
1315 2337 1383 2394 750

360 2437 459 2499 Marte
479 2439 584 2498 nerent
603 2437 733 2520 solisque
755 2437 861 2502 iurant
884 2435 1064 2497 elamoribus
1086 2453 1205 2514 agmen.

423 2601 495 2666 Nox
517 2604 605 2666 simul
627 2604 782 2668 astriferas
804 2602 919 2683 profert
942 2600 1080 2684 optabilis
1102 2601 1240 2674 umbras;

359 2708 391 2767 et
412 2705 493 2767 eadit
512 2708 664 2788 extemplo
684 2707 756 2770 belli
777 2707 895 2786 fragor,
918 2723 1070 2786 aegreque
1089 2703 1184 2766 muria

377 2996 426 3044 737
444 2991 488 3042 lux
513 2997 552 3042 est
573 2993 671 3044 miseris
695 2993 770 3044 modo
789 2996 851 3044 Bon,
958 2997 1008 3046 734
1034 2994 1077 3058 qui
1102 2992 1174 3042 fallat
1196 2990 1308 3042 Aebinos
1334 2989 1379 3038 Sia

271 3075 375 3127 meritos
402 3079 554 3143 Waynerue:
583 3093 633 3142 qno
655 3077 726 3130 fellet
747 3094 770 3128 a
790 3078 816 3128 S.
832 3095 865 3128 m.
888 3079 918 3138 V,
945 3093 995 3144 quo
1017 3076 1089 3129 fellet
1110 3093 1132 3126 a
1151 3076 1177 3128 S.
1195 3091 1228 3126 m.
1252 3076 1297 3138 u,
1327 3089 1378 3144 quo

271 3160 343 3214 fellet
366 3164 396 3212 Δ.
416 3161 492 3212 S.n1.
521 3165 541 3210 0
560 3166 680 3225 probante
702 3165 821 3223 Heinsio,
848 3172 876 3211 nt
900 3167 929 3212 de
946 3165 1024 3213 Aeeta
1046 3167 1186 3226 loqueretur
1209 3170 1297 3224 poeta,
1326 3174 1378 3224 quo

269 3247 358 3298 fellere
375 3249 405 3296 Λ.
424 3247 449 3296 S.
468 3263 500 3297 m.
522 3250 579 3298 ΑΜ.
596 3251 717 3311 probante
741 3250 842 3306 Verrio,
875 3263 924 3312 qno
949 3247 1035 3299 fallere
1051 3247 1162 3299 Aebiros
1179 3246 1291 3311 Quisque
1315 3244 1378 3294 velit

269 3333 330 3382 eon.
438 3338 487 3384 700
506 3349 603 3399 quoque
621 3338 647 3384 et
664 3335 730 3382 hune
747 3334 780 3391 0,
809 3348 907 3397 quoque
931 3334 978 3382 bae
997 3335 1125 3382 Heinsius.
1159 3333 1258 3383 videam
1278 3345 1378 3395 quoque

268 3419 335 3468 buno
359 3417 458 3480 virtute
472 3419 607 3483 superbum
627 3421 701 3467 Aldu
795 3423 843 3468 700
861 3418 1012 3469 Aesonidenr
1030 3419 1064 3468 Μ
1165 3421 1214 3469 708
1234 3415 1325 3481 implet
1342 3431 1377 3474 v:

268 3501 375 3566 implent
396 3505 421 3553 V
521 3508 570 3556 730
590 3504 647 3554 ibat
664 3506 709 3554 M:
726 3503 772 3552 Iba
792 3504 817 3552 V
882 3504 992 3554 medium
1009 3505 1071 3553 Bon.
1145 3507 1194 3553 740
1212 3500 1248 3552 Ni
1265 3515 1376 3564 propere

269 3585 381 3637 nivernis
400 3587 486 3637 Pelles
504 3587 609 3638 vidisset
624 3589 672 3656 (nel
689 3589 818 3654 subiisset)
839 3588 871 3638 ab
887 3588 964 3637 armis
982 3589 1103 3638 Heinsius
1184 3591 1233 3637 747
1252 3587 1378 3651 inponere

269 3673 375 3736 sesa'pss':
391 3673 521 3738 iteponere
543 3677 573 3735 V,
593 3690 716 3740 reponere
733 3675 802 3739 Μψσ
890 3679 939 3726 ue
957 3676 1088 3738 parentum
1109 3673 1237 3722 Ceretanis
1257 3687 1303 3720 ses.

268 3765 316 3815 770
341 3759 528 3824 Stridentesque
550 3761 595 3808 M:
620 3758 782 3823 Stridensque
805 3761 830 3809 V
919 3757 1036 3807 admovet
1059 3758 1118 3808 ΑΜ.
1214 3758 1303 3807 bestes
1329 3757 1377 3804 H:

266 3848 355 3898 bsstos
377 3847 402 3897 V
504 3849 551 3894 747
570 3843 679 3893 dementi
698 3861 720 3906 ψ
840 3849 888 3894 748
907 3842 1070 3908 paullumque
1088 3841 1243 3908 esparlum
1264 3843 1289 3892 V

266 3935 337 3984 sstrs
356 3932 382 3984 V
456 3935 504 3982 770
524 3928 632 3980 undem
654 3927 802 4000 V(tendem
818 3935 950 3977 emonem
968 3935 1005 3978 eet
1021 3944 1037 3977 a
1053 3944 1083 3979 m.
1101 3929 1156 3994 pr.)
1230 3932 1280 3980 750
1299 3927 1377 3977 sorti

265 4019 387 4070 Hslnsies
454 4030 543 4066 nevus
561 4016 622 4064 Bon.
693 4014 788 4064 biberis
804 4011 966 4076 sidoniaeque
989 4014 1018 4072 V,
1044 4011 1103 4063 lber
1119 4012 1326 4077 Essedoniaeque
1346 4014 1374 4072 0,

266 4101 393 4156 biberubi
410 4101 588 4165 sindoniseque
598 4102 670 4160 Bon,
688 4098 800 4150 Iberabi
813 4097 980 4163 sidoniaeque
993 4097 1051 4146 Ate.
1072 4096 1265 4162 Issedoniaeque
1283 4098 1378 4159 empse·

265 4191 414 4240 amntem
432 4186 444 4236 1
464 4191 512 4238 701
532 4193 635 4238 uenus.
653 4187 752 4236 Plinius
774 4181 919 4233 Essedones
944 4184 1004 4232 dieii
1111 4187 1157 4234 701
1178 4187 1266 4232 nerent
1292 4183 1377 4236 eon:

263 4275 346 4326 eslent
366 4273 467 4324 noete.
575 4275 623 4323 lot
642 4269 792 4321 mortalibus
808 4277 831 4333 ψ
844 4269 964 4330 meam
978 4267 1083 4316 Heinsio
1182 4265 1374 4321 annualiter

265 4361 453 4410 messanenses
469 4359 486 4406 l.
506 4359 522 4406 l.
540 4371 567 4417 p.
591 4361 638 4406 115
708 4352 835 4419 extemplo
854 4368 890 4416 e:
908 4349 1024 4414 exemplo
1048 4353 1072 4403 V
