3086 4968
274 438 366 478 XXXVI
708 433 937 476 PROLEGOMENON

274 607 387 686 legatos
404 604 507 686 placet
526 604 572 666 irc
591 601 693 678 meree,
715 602 910 683 mandataque
930 598 1036 661 Persei
1057 598 1142 662 edere
1163 603 1191 662 ei
1209 597 1301 680 efferi
1319 601 1381 664 Mi-

274 709 342 787 nyis
364 705 400 768 de
413 704 530 784 fraude
551 706 685 785 tyranni:
708 707 771 768 tum
792 708 929 768 morcant
948 703 1087 764 audacior
1109 705 1170 779 est,
1193 720 1282 783 quam
1303 721 1381 783 quae

275 807 368 890 recipi
389 808 491 888 possit.
529 808 630 887 itaque
648 810 804 887 praestare
824 807 984 890 videbatur
997 805 1141 867 librorum
1153 806 1304 888 scriptura
1318 825 1381 866 ser-

275 914 349 973 vata
366 911 444 972 hunc
458 929 581 972 versum
595 911 627 970 in
640 909 698 970 illis
714 911 834 985 habere,
855 911 905 990 qui
918 929 936 970 a
951 912 1041 990 poeta
1059 929 1120 970 non
1135 911 1287 972 emendati
1301 912 1380 970 sunt.

276 1014 415 1094 displicet
436 1017 535 1075 autem
562 1013 593 1074 in
615 1012 718 1094 primis
741 1013 962 1074 enuntiatorum
983 1030 1001 1072 a
1022 1011 1160 1074 mundato
1183 1011 1282 1074 edocet
1301 1011 1381 1072 roci·

276 1118 334 1178 bus
354 1115 548 1197 pendentium
570 1117 723 1177 structura
744 1115 908 1176 immutata

380 1219 428 1281 VI
451 1224 513 1282 110
528 1222 702 1301 positusque
721 1217 865 1279 Heinsius
889 1220 920 1279 et
939 1216 1155 1298 Peerlkampus
1183 1237 1291 1280 sanum
1311 1237 1382 1278 esse

278 1325 435 1401 negarunt.
470 1325 574 1383 contra
600 1319 680 1380 illius
702 1320 919 1396 coniecturam,
949 1340 1025 1402 quae
1048 1325 1096 1383 est
1112 1322 1277 1403 positique,
1304 1319 1382 1382 Bur·

277 1443 405 1485 mannus
420 1427 570 1506 peritique
592 1426 624 1486 et
644 1426 755 1505 recepti
773 1423 961 1502 ineleganter
983 1425 1129 1504 geminari
1150 1431 1232 1485 recte
1252 1424 1383 1498 monuit;

278 1547 376 1606 neque
399 1527 551 1590 collocatio
573 1529 733 1588 verborum
755 1527 798 1588 ita
820 1531 992 1608 comparata
1014 1531 1077 1603 est,
1105 1531 1140 1589 ut
1163 1529 1235 1607 quid
1253 1527 1384 1588 voluerit

279 1634 370 1712 pocta
396 1631 483 1693 facile
512 1633 663 1711 appareat.
707 1630 896 1712 Peerlkampi
925 1632 1081 1692 inventum
1107 1635 1185 1694 ieter
1207 1650 1277 1694 evoe
1290 1651 1384 1713 proe-

278 1753 384 1817 vosquc
421 1738 520 1798 mrum
555 1734 744 1814 ingeniosum
777 1732 896 1812 quidem
933 1739 982 1794 est
1008 1751 1171 1812 sanamque
1202 1734 1384 1794 sententiam

279 1837 404 1917 egregie
433 1838 581 1916 restituit,
614 1837 669 1898 sed
698 1856 717 1896 a
743 1835 862 1896 traditis
892 1836 1000 1898 litteris
1029 1836 1118 1896 nimis
1146 1837 1237 1916 longe
1260 1836 1383 1897 recedit.

279 1941 346 2022 ipse
366 1961 433 2004 cum
455 1941 524 2002 huic
539 1938 646 2018 ,versui
668 1939 854 2000 emendando
874 1939 988 2000 frustra
1010 1957 1132 2020 operam
1154 1938 1303 2015 dederim,
1324 1939 1384 2000 nisi

280 2045 395 2106 doctior
427 2043 533 2124 aliquis
561 2044 594 2102 et
629 2041 765 2118 sagacior
795 2041 866 2120 quid
887 2041 1029 2103 Valerius
1057 2041 1215 2122 scripsisse
1243 2043 1385 2104 rideatur

279 2147 483 2226 indagaverit,
504 2145 578 2206 nihil
596 2146 713 2205 restare
733 2144 838 2220 video,
860 2145 918 2207 nisi
937 2147 973 2206 ut
988 2147 1108 2228 poeitae
1131 2146 1269 2207 vocabuli
1289 2145 1383 2207 notio

278 2270 348 2313 nem
374 2253 494 2332 poetam
521 2249 564 2310 ita
591 2249 726 2308 mutasse
748 2247 899 2325 dicamus,
925 2249 960 2309 ut
988 2247 1046 2310 loci
1068 2247 1325 2328 significarentur,
1352 2247 1384 2308 in

269 2355 386 2434 ,quibus
408 2355 541 2416 virorum
562 2368 687 2432 corpora
707 2351 848 2411 iacerent.

380 2456 464 2517 Libri
495 2458 575 2516 sexti
605 2474 698 2515 versu
720 2459 782 2516 238
813 2454 916 2516 finitur
941 2455 1102 2536 descriptio
1133 2453 1242 2534 equitis
1265 2452 1383 2516 Sarma·

276 2557 346 2632 tici,
363 2558 448 2618 cuius
470 2574 554 2617 arma
575 2555 770 2632 habitumque
792 2555 843 2616 alii
865 2575 983 2636 quoque
1005 2560 1113 2638 poetae
1135 2561 1257 2619 veteres
1280 2559 1384 2638 depin-

276 2669 396 2722 xerunt.
431 2657 576 2722 Heinsius
595 2675 664 2718 cum
687 2677 747 2718 non
769 2658 906 2720 altiorem
927 2661 1047 2722 hastam
1066 2661 1176 2722 iterum
1198 2679 1253 2741 per
1267 2659 1384 2720 medios

278 2765 381 2827 hostes
403 2764 447 2826 ire
468 2783 530 2825 non
551 2762 689 2841 caperet,
708 2781 766 2823 ron
785 2763 894 2824 lentior
915 2763 971 2823 vel·
985 2783 1042 2826 eoo
1063 2763 1181 2828 tordsbr
1203 2762 1254 2824 vel
1276 2762 1385 2825 auder-

279 2871 339 2930 tior
364 2870 485 2949 poetam
507 2864 664 2945 scripsisse
686 2863 818 2926 coniecit.
853 2885 950 2946 neque
973 2869 1075 2927 tamen
1102 2886 1159 2928 noe
1181 2865 1272 2927 altior
1292 2885 1384 2926 voces

157 2977 160 2983 '
278 2971 437 3051 corruptae
459 2971 542 3043 sunt3
571 2985 641 3028 nam
663 2968 751 3028 hasta
777 2968 978 3030 relectorum
1000 2967 1138 3030 Sarmata
1159 2969 1269 3029 iterum
1290 2969 1383 3049 impe·

278 3076 343 3134 tum
362 3073 449 3148 facit,
476 3090 513 3132 ea
540 3089 574 3130 re
595 3088 669 3132 vera
691 3089 751 3130 non
778 3070 869 3132 altius
897 3072 1048 3148 vibretur,
1077 3071 1133 3132 sed
1159 3071 1191 3131 in
1217 3071 1324 3131 eodem
1352 3071 1383 3132 in

279 3158 337 3258 quo
357 3178 427 3237 ante
448 3175 548 3256 positu
570 3175 625 3234 est.
647 3174 682 3235 ci.
696 3193 724 3234 v.
741 3177 804 3236 254
827 3174 954 3256 demque
970 3175 1156 3237 recollectum
1171 3193 1280 3236 eureus
1294 3174 1381 3236 locet.
1418 3233 1422 3240 .

278 3279 337 3342 alia
357 3279 458 3364 potius
479 3297 513 3340 re
533 3277 581 3339 hic
604 3276 812 3358 descriptionis
834 3278 917 3338 locus
939 3279 1083 3340 obscurus
1104 3276 1242 3338 redditur
1259 3279 1291 3338 et
1308 3277 1382 3338 diffi-

279 3383 343 3444 cilis
366 3383 404 3444 ad
419 3380 669 3460 intellegendum
693 3380 770 3441 dixit
794 3381 873 3440 enim
890 3381 1031 3442 Valerius
1053 3381 1172 3442 hastam
1193 3379 1284 3440 etiam
1305 3380 1383 3442 doci·

279 3498 340 3558 lem
367 3502 435 3544 esse
462 3485 607 3566 relinqui,
637 3483 715 3563 quod
743 3501 802 3542 non
832 3482 919 3542 aliter
942 3481 1095 3562 explicare
1123 3501 1262 3562 possum,
1294 3502 1384 3562 quam

279 3585 425 3667 explicuit
445 3585 635 3665 Wagnerus,
665 3586 783 3647 hastam
807 3587 838 3644 et
863 3585 976 3645 retrahi
997 3584 1133 3665 potuisse
1154 3585 1237 3646 etin
1258 3603 1383 3666 corpore

278 3690 396 3754 mortuo
417 3687 510 3750 fixam
529 3688 663 3768 relinqui.
696 3689 751 3748 sed
772 3688 860 3748 hasta
881 3686 987 3748 relicta
1004 3687 1109 3768 nequit
1129 3686 1239 3747 iterum
1260 3686 1305 3748 ire
1327 3709 1384 3771 per

279 3811 397 3874 corpus,
419 3793 455 3852 ut
474 3790 636 3872 docilisque
655 3793 789 3871 rclrhqui
807 3789 932 3856 vocibus
954 3791 1076 3852 insertis
1098 3793 1188 3871 poeta
1202 3791 1383 3852 sententiam

278 3913 403 3978 prorsus
425 3893 692 3973 pessumdederit.

380 3995 428 4058 VI
448 3998 510 4057 252
540 4013 608 4058 eum
632 3995 734 4057 Taxes
758 3995 914 4076 Hypanim
940 3999 972 4058 et
996 3996 1176 4059 seminecem
1199 3997 1321 4058 vexisse
1350 4001 1383 4060 et

278 4099 439 4162 remissum
459 4117 537 4181 pone
559 4118 593 4162 se
615 4098 748 4161 traxisse
771 4102 927 4177 narratur,
956 4098 1084 4160 molesta
1112 4101 1218 4162 existit
1247 4101 1382 4164 eiusdem

278 4202 324 4262 rei
343 4203 490 4284 repetitio.
524 4200 603 4282 quod
626 4199 784 4262 Heinsium
810 4202 941 4263 movisse
959 4202 1094 4280 ridetur,
1114 4206 1149 4263 ut
1170 4207 1257 4286 cipue
1278 4209 1383 4268 remit»

277 4323 341 4366 som
357 4325 436 4387 poce
456 4305 548 4368 trabit
558 4303 687 4386 segieno
705 4307 733 4365 et
752 4304 885 4368 calcidae
905 4307 991 4368 eruit
1004 4305 1119 4367 bomem
1133 4307 1287 4383 scriberet,
1311 4322 1381 4368 con-

399 4642 714 4750 ’.ιι-..-
