3086 4968
263 456 305 499 nn
577 449 585 456 '
697 424 924 498 raonnoonmrrou

268 625 410 687 omissam
437 623 542 687 hahuit
564 622 715 687 Carrionis
736 625 847 699 codex,
875 624 930 688 sed
957 622 1056 704 priore
1080 623 1144 685 loco
1174 622 1225 684 ille
1254 643 1371 704 quoque

269 727 320 808 qui
349 728 510 788 editionem
537 726 756 789 Bononiensem
785 728 903 790 curarit
926 747 986 809 per
1012 725 1202 787 intercidisse
1222 725 1306 789 vidit
1328 763 1373 773 -

268 830 339 911 post
358 828 405 890 VI
429 834 467 891 77
489 851 550 891 non
573 832 669 892 solum
692 831 723 891 in
753 831 833 906 VM,
859 832 915 891 sed
939 831 971 891 in
991 829 1018 893 0
1036 830 1127 890 etiam
1148 848 1257 890 versus
1277 829 1373 890 deest.

268 930 300 992 in
319 930 497 992 editionibus
516 932 669 1002 Italorumv
681 933 729 993 hic
748 934 896 1013 sequitur:
916 933 1035 994 arboris
1055 931 1094 992 ad
1114 951 1263 993 summam
1284 951 1374 1013 quom

263 1054 424 1118 pecccare
451 1055 604 1113 cacumen,
635 1053 724 1114 quem
752 1057 769 1096 e
800 1037 900 1097 codice
928 1035 1110 1095 Bononiensi
1136 1034 1167 1094 in
1195 1033 1375 1096 bibliotheca

268 1137 444 1198 monasterii
456 1136 558 1199 Sancti
572 1135 738 1199 Salvatoris
761 1139 917 1199 asservato
937 1141 1025 1216 (saec.
1041 1135 1117 1214 XV)
1138 1138 1290 1216 sumptum
1305 1155 1375 1198 esse

269 1241 339 1302 inde
364 1241 488 1317 conicio,
518 1221 597 1319 quod
627 1240 751 1302 Dureau
778 1243 816 1302 de
843 1240 978 1302 Lamalle
1006 1238 1057 1318 qui
1085 1257 1120 1299 eo
1148 1235 1225 1300 libro
1253 1241 1376 1320 praeter

268 1343 450 1405 Vaticanum
476 1346 507 1403 et
524 1342 734 1404 Monacensem
761 1362 836 1404 usus
857 1346 919 1418 est,
945 1341 977 1401 in
1000 1343 1049 1402 bis
1080 1341 1153 1402 solis
1176 1359 1245 1400 eum
1266 1341 1375 1402 deesse

270 1446 431 1507 adnotavit.
469 1446 541 1524 quin
560 1447 711 1525 genuinus
732 1449 816 1525 esset
835 1446 883 1508 hic
904 1463 1011 1506 versus
1034 1446 1195 1506 nemodum
1215 1445 1374 1523 dubitavit,

265 1550 353 1631 puto,
376 1549 448 1628 qnia
467 1549 499 1609 in
518 1548 619 1610 verbis
641 1553 673 1610 et
692 1549 842 1611 sententia
865 1547 938 1608 nihil
951 1546 1104 1607 invenitur
1120 1548 1199 1628 quod
1219 1547 1375 1610 offensioni

271 1651 319 1729 sit,
336 1652 391 1711 sed
405 1651 522 1713 numeri
545 1671 614 1712 cum
629 1652 781 1732 magnifici
801 1651 912 1732 aliquid
933 1650 1065 1711 habeant
1086 1653 1175 1728 atque
1192 1652 1376 1730 grandisoni,

272 1753 351 1834 quod
379 1755 424 1814 rei
453 1754 622 1836 descriptae
653 1757 735 1816 nullo
766 1755 853 1815 modo
886 1753 1043 1828 convenit,
1074 1752 1189 1814 Valerii
1220 1772 1272 1816 eos
1306 1773 1375 1815 esse

269 1875 358 1934 nego.
380 1891 422 1900 —
445 1855 493 1918 VI
516 1860 588 1933 300,
611 1859 662 1940 qui
682 1877 791 1921 versus
811 1857 844 1917 in
858 1855 1005 1917 Vaticano
1027 1855 1097 1916 talis
1117 1857 1231 1935 legitur
1242 1854 1376 1939 Apmc‘rro

270 1979 328 2021 noa
347 1978 474 2040 osquam
494 1961 574 2023 uidet
594 1965 680 2043 atque
700 1966 810 2024 iterum
829 1963 936 2034 elatrat,
955 1957 1026 2019 talis
1046 1959 1079 2019 in
1099 1955 1269 2040 OApmiac
1290 1980 1376 2041 quem

272 2065 390 2143 qaaerit
415 2082 560 2144 nusquam
590 2065 669 2127 vadet
695 2069 782 2146 atque
802 2066 912 2125 itesam
933 2063 1039 2137 intrat,
1069 2062 1203 2142 paenitet
1224 2081 1272 2122 me
1295 2082 1378 2126 rece·

271 2164 354 2245 pisse
376 2145 526 2227 Carrionis
554 2167 740 2248 scripturam
780 2139 960 2246 quamqustm
990 2165 1070 2225 enim
1090 2165 1190 2246 ipsum
1218 2163 1293 2226 illud
1319 2187 1377 2246 quo

271 2267 412 2330 Vaticani
440 2268 540 2330 hiatus
566 2271 706 2350 expletus
736 2272 784 2330 est
809 2268 985 2328 nonhabet
1010 2285 1064 2326 cur
1091 2267 1247 2344 reiciatur,
1275 2271 1377 2330 tamen

271 2373 365 2432 iatrct
393 2370 566 2451 simpliciter
590 2373 723 2453 positum
752 2371 873 2433 tolerari
902 2369 1020 2451 nequit:
1051 2371 1081 2430 id
1111 2370 1190 2450 quod
1217 2369 1378 2433 Heinsium

272 2491 389 2552 quoquc
411 2474 543 2534 sensisse
563 2478 644 2554 puto,
663 2494 731 2535 cum
751 2476 1042 2554 instotproponeret.
1078 2474 1180 2552 itaque
1196 2474 1376 2553 prudentius
1427 2455 1431 2462 ⁸

270 2573 359 2634 hodie
386 2573 483 2635 iudico
514 2595 563 2635 me
589 2577 739 2638 facturum
762 2578 872 2651 fuisse,
902 2578 929 2638 si
956 2577 988 2637 in
1016 2575 1075 2636 fine
1103 2594 1212 2636 versus
1238 2577 1377 2639 lacunam

270 2676 459 2738 indicassem.
494 2697 624 2757 namque
651 2683 683 2741 ia
704 2699 827 2760 aequor,
854 2678 1000 2738 Italorum
1020 2677 1277 2753 addidamentum‚
1304 2699 1390 2760 quo-¹

270 2778 352 2839 niam
375 2798 485 2860 aequor
510 2782 656 2843 vocabulo
678 2781 758 2842 uude
778 2780 876 2859 posito
899 2781 983 2842 locus
1004 2799 1125 2863 pugnae
1147 2799 1207 2840 non
1226 2780 1377 2859 significa-

223 2947 225 2952 ,
271 2883 330 2954 tor,
349 2880 494 2960 displicet.
530 2886 566 2945 ut
583 2884 752 2965 asyndeton
771 2883 850 2963 quod
871 2886 919 2944 est
939 2885 1019 2945 inter
1038 2904 1066 2944 v.
1083 2887 1142 2946 301
1166 2885 1198 2943 et
1216 2886 1277 2944 302
1299 2885 1376 2946 vita-

271 2983 365 3058 retur,
385 2983 551 3046 Burmanni
572 2987 781 3062 ooniecturam,
801 3005 860 3065 qua
881 2990 969 3068 utque
990 3006 1044 3068 pro
1058 2987 1153 3068 adque
1167 2987 1290 3048 Valerio
1308 2988 1375 3048 red-

233 3152 237 3164 ,
272 3083 364 3161 ditm,
391 3086 520 3148 sortasse
538 3106 599 3148 non
619 3089 765 3150 debebam
785 3089 906 3150 reicere.
929 3123 974 3136 -
992 3088 1040 3151 VI
1061 3093 1123 3151 606
1144 3108 1274 3167 ramere,
1296 3091 1376 3170 quod

270 3187 437 3250 Vaticanus
456 3189 573 3266 omittit,
590 3192 692 3271 recepi
715 3211 732 3252 e
752 3193 828 3253 libro
843 3191 1003 3269 Carrionis,
1025 3192 1161 3271 margine
1176 3191 1376 3270 Monacensis,

272 3290 452 3353 editionibus
484 3291 643 3368 Italorum3
677 3294 707 3354 id
738 3297 819 3357 enim
841 3294 998 3358 Valerium
1032 3295 1152 3357 dedisse
1175 3299 1291 3358 certum
1318 3299 1374 3358 est

272 3393 337 3455 VII
351 3399 392 3456 24
413 3398 487 3458 locis
507 3398 538 3457 in
559 3398 635 3460 libro
648 3398 800 3461 Carrionis
821 3398 891 3479 quin
910 3399 992 3459 recte
1015 3397 1149 3459 additum
1171 3398 1219 3476 sit,
1243 3417 1303 3459 non
1319 3398 1374 3458 du·

269 3494 340 3556 bito.
360 3531 402 3542 —
425 3497 489 3558 VH
519 3503 560 3562 84
582 3501 722 3563 Vaticani
749 3501 892 3563 memoria
913 3500 1023 3562 leviter
1050 3503 1192 3582 corrupta
1213 3505 1278 3577 est,
1305 3519 1374 3564 cum

259 3597 396 3660 liumus
415 3619 468 3679 pro
486 3603 624 3666 Tiberine
649 3603 791 3682 scriptum
812 3603 852 3663 sit
873 3607 904 3662 et
924 3608 990 3666 toea
1010 3622 1065 3683 pro
1087 3608 1178 3665 tuens.
1211 3603 1286 3664 illud
1304 3622 1374 3664 eum

268 3717 329 3760 non
352 3701 431 3779 fugit
449 3703 533 3765 cuius
556 3705 779 3766 emendationes
801 3703 952 3766 Cerdonis
972 3706 1068 3766 codex
1089 3705 1209 3782 habuit,
1237 3705 1296 3768 sed
1317 3726 1373 3787 pro

267 3805 332 3865 taes
356 3803 385 3864 ei
403 3805 621 3868 restituendum
643 3827 712 3868 esse
733 3807 832 3867 visum
847 3809 895 3866 est
907 3810 981 3870 taos.
1018 3827 1078 3887 qua
1091 3827 1186 3889 prava
1201 3809 1373 3890 opinatione

268 3905 377 3968 ductus
404 3909 467 3970 a'om
496 3911 525 3970 te
551 3927 669 3989 quoque
693 3910 822 3972 mutavit
849 3913 881 3972 et
897 3914 1007 3992 portua
1026 3911 1162 3991 scripsit,
1190 3914 1226 3972 66
1247 3911 1373 3973 haberet

182 4027 186 4034 ·
268 4011 309 4071 ad
330 4010 410 4088 quod
430 4012 497 4072 taos
516 4012 659 4087 referret3
681 4032 759 4074 neve
781 4015 915 4089 deesset,
939 4013 1019 4072 unde
1040 4013 1204 4075 accusativi
1228 4014 1279 4095 qui
1301 4016 1372 4075 sunt

262 4116 372 4195 por-tros
399 4116 431 4174 et
449 4115 569 4196 pharon
587 4116 768 4194 penderent,
794 4116 887 4177 subiet
909 4114 1011 4194 posuit
1035 4134 1090 4194 pro
1117 4118 1222 4178 sabato.
1260 4117 1314 4178 sed
1336 4121 1372 4180 ut

260 4215 384 4277 mittam
406 4220 515 4299 portus
549 4219 686 4280 Tiberini
708 4217 810 4298 inepte
838 4217 912 4292 diei,
944 4217 1014 4278 ride
1042 4236 1131 4298 quam
1158 4220 1198 4280 sit
1224 4238 1372 4301 perversa

266 4319 424 4380 sententia.
464 4319 514 4399 qui
530 4319 622 4382 subiit
643 4319 702 4381 iam
723 4323 844 4400 portum
864 4323 896 4381 et
916 4321 1049 4402 pharum,
1071 4321 1098 4382 is
1119 4339 1268 4403 nusquam
1283 4323 1370 4399 ostia,

319 4701 512 4932 rt
617 4624 843 4934 ,f
908 4732 1005 4936 r..
