3132 4968
558 415 778 458 saeossmcon
806 417 893 458 mus
906 419 938 458 11.

280 588 404 652 'campus
427 571 460 632 et
481 589 643 632 ooourrens
662 570 776 631 umbris
796 570 958 632 maioribus
980 572 1078 646 arbor,

281 673 361 735 haud
382 673 470 736 aliter
489 675 642 756 trepidare
663 673 728 735 viri.
773 674 827 758 sed
850 677 972 754 pectora
993 673 1116 736 firmans

278 776 456 857 Hagniades
472 768 547 838 fnon
568 769 651 838 hane‘
673 777 770 857 inquit
786 769 864 838 ‘sine
885 777 1007 838 numine
1027 773 1150 856 pinum

281 879 455 959 dirigimus,
478 900 534 941 nee
555 900 604 942 me
625 882 744 942 tantum
767 881 901 942 Tritonia
922 898 1029 940 sursus

281 983 405 1057 erudiit;
427 1001 519 1063 saepe
538 982 605 1064 ipsa
617 1003 717 1045 'manu
740 985 863 1064 dignata
884 983 1015 1044 namnam
1035 985 1089 1044 est

281 1105 320 1148 an
340 1105 402 1146 non
422 1086 558 1166 experti,
581 1087 698 1148 subitus
721 1107 789 1149 oum
806 1089 873 1150 luee
895 1087 1001 1164 fugata
1029 1115 1034 1125 1
1122 1163 1125 1172 Ι

279 1188 395 1250 horruit
415 1189 510 1248 imbre
532 1188 616 1250 dies?
640 1191 773 1272 quantis,
795 1211 849 1272 pro
869 1188 1022 1274 luppiter,
1046 1189 1157 1252 austris

280 1292 461 1353 restitimus!
485 1297 597 1372 quanta
619 1295 756 1373 quotiens
779 1298 810 1356 et
829 1293 959 1355 Palladis
980 1297 1045 1354 arte

279 1395 430 1456 ineassum
450 1395 584 1456 decimae
605 1398 712 1460 oeeidit
733 1381 840 1459 tumor'
854 1398 966 1460 arduus
986 1397 1116 1457 undeet

281 1497 352 1578 quin
375 1496 471 1578 agite,
495 1518 512 1559 o
534 1498 619 1574 sooii;
645 1500 735 1562 micat
752 1500 936 1565 immutabile
956 1501 1071 1562 eaelum

281 1620 415 1683 puraque
436 1622 493 1664 nee
514 1601 640 1682 gravido
664 1603 797 1664 surrexit
818 1603 949 1684 Cynthia
971 1623 1072 1679 eornu,

279 1708 380 1768 nullus
401 1708 432 1768 in
455 1726 507 1768 ore
526 1707 634 1782 rubor,
656 1708 815 1786 certusque
837 1705 876 1766 ad
897 1705 970 1766 talia
991 1706 1081 1767 Titan

279 1809 398 1888 integer
418 1809 450 1870 in
471 1809 580 1870 fluetus
601 1810 632 1868 et
654 1807 686 1868 in
704 1827 764 1869 uno
783 1808 892 1869 decidit
913 1827 994 1870 auro.

280 1913 373 1989 adde,
395 1912 473 1993 quod
495 1911 526 1971 in
545 1914 664 1973 noctem
685 1911 768 1972 venti
788 1912 916 1992 veloque
935 1911 1067 1992 marique

278 2016 452 2078 incumbunt
473 1999 571 2094 magis
593 2017 625 2076 et
646 2013 744 2076 taeitis
766 2013 840 2074 ratis
863 2013 944 2077 ooior
961 2017 1050 2077 horis.

278 2121 376 2201 adque
398 2119 473 2181 adeo
487 2137 555 2180 »non
577 2117 628 2180 illa
650 2118 736 2198 sequi
757 2117 829 2179 mihi
853 2118 952 2179 sidera
975 2139 1060 2180 mens
1081 2122 1136 2198 est,

279 2243 356 2303 quae
380 2222 504 2304 delapsa
527 2223 596 2302 polo
618 2223 714 2284 refioit
733 2241 831 2283 mare:
853 2223 957 2282 tantus
980 2221 1072 2283 Orion

277 2325 337 2387 iam
358 2327 454 2402 eadit,
474 2326 551 2386 irato
570 2326 631 2386 iam
651 2325 758 2386 stridet
774 2326 806 2384 in
828 2342 958 2403 aequore
977 2323 1124 2387 Perseus:

210 2451 212 2456 ¹
278 2430 333 2489 sed
352 2429 423 2490 mihi
443 2428 522 2504 dux,
543 2428 646 2490 vetitis
667 2429 718 2508 qui
739 2447 901 2508 numquam
921 2428 1057 2489 conditus
1080 2430 1168 2492 undis

278 2550 336 2592 axe
355 2533 432 2593 nitet
453 2551 579 2612 serpens
600 2534 800 2612 septenosque
821 2531 952 2613 implicat
972 2524 1076 2612 ignes?

279 2634 321 2695 sie
342 2635 384 2696 ait
403 2638 435 2697 et
457 2635 532 2696 certi
551 2637 698 2696 memorat
718 2635 768 2716 qui
789 2637 893 2696 vultus
915 2620 1046 2716 Olympi,

277 2737 415 2799 Pleiones
434 2737 638 2820 Hyadumque
657 2739 755 2816 looos,
780 2757 839 2818 quo
861 2737 959 2798 sidere
980 2737 1079 2798 vibret

277 2839 368 2902 Ensis
389 2844 421 2903 et
442 2841 575 2904 Actaeus
594 2842 689 2903 niteat
710 2861 769 2921 qua
789 2842 857 2903 luoe
878 2840 998 2903 Bootes.

188 3012 444 3038 -—.,—-...L.-

267 3163 269 3166 ·
295 3145 328 3191 46
348 3140 447 3207 Corpus
465 3143 545 3193 Paris.
617 3141 728 3191 oeourrit
747 3142 829 3191 Poris.
901 3146 933 3191 47
949 3139 1026 3191 Haud
1041 3142 1107 3191 MP:
1123 3141 1183 3191 Hau
1205 3144 1231 3193 V

190 3222 241 3274 riri
260 3232 296 3290 ψε
314 3225 378 3276 suris
398 3230 448 3278 'VP
532 3233 565 3278 46
584 3226 693 3276 numine
710 3228 776 3277 Mn:
799 3224 900 3275 nomine
922 3227 969 3277 VP
1051 3231 1084 3276 49
1100 3225 1242 3290 Dirigimus
1261 3232 1293 3280 P:

188 3309 335 3374 Derigimus
357 3314 387 3372 V,
406 3311 541 3376 Pergirnus
558 3329 580 3363 π
669 3317 701 3363 50
718 3310 784 3378 ipss]
803 3311 854 3360 ism
870 3327 892 3362 π
963 3315 1009 3361 ,51
1036 3326 1068 3360 an
1091 3328 1144 3362 men
1161 3314 1295 3366 Laurentio

189 3396 265 3445 Balbo
282 3398 418 3447 Heinsius:
435 3402 462 3448 at
482 3401 548 3451 VPe.
574 3401 692 3448 librorum
710 3400 859 3458 scripturam
876 3404 958 3446 tuetur
975 3399 1147 3460 Peerlkampus
1165 3402 1199 3449 sd
1219 3402 1293 3468 ἴση.

189 3481 255 3531 Aen.
276 3479 328 3530 VII
347 3487 396 3533 363
467 3483 550 3533 subito
569 3485 691 3532 Heinsius
776 3487 807 3533 5³
828 3480 924 3547 quoties
942 3485 967 3531 et
986 3488 1079 3547 quanta
1096 3485 1225 3536 Heinsius.
1259 3485 1293 3548 es.

188 3569 490 3630 Peerlkumpusastr.
510 3585 582 3618 earm.
602 3565 643 3617 III
662 3572 735 3618 lai
807 3572 861 3617 arte
879 3569 944 3618 Mn:
971 3571 1026 3618 arta
1049 3570 1097 3620 VP
1181 3577 1214 3624 67
1234 3575 1295 3626 orbe

190 3655 212 3701 0
278 3655 305 3702 at
326 3656 373 3703 1⁷1²
457 3658 490 3705 58
512 3652 549 3722 iu]
576 3656 602 3704 et
619 3656 644 3704 P
717 3657 742 3703 et
765 3653 793 3701 in
816 3653 868 3702 imo
885 3656 964 3713 Bon,
999 3657 1024 3704 et
1048 3656 1141 3706 mundo
1159 3659 1294 3721 Caunus,

188 3736 274 3787 visino
306 3741 343 3789 uei
366 3738 479 3790 redituro
509 3743 547 3790 oei
579 3739 689 3804 genuino
709 3741 842 3800 Heinsius,
873 3743 898 3789 et
926 3737 983 3788 miti
1007 3741 1218 3800 Eyssenhardiius
1239 3750 1255 3797 l.
1275 3750 1293 3798 l.

185 3839 213 3884 p.
234 3827 286 3874 ssi
355 3839 417 3874 suro
434 3827 497 3875 Itali
514 3828 636 3874 cuiusdam
654 3829 792 3875 eonieeturu
810 3834 858 3885 est,
880 3827 984 3887 probola
1000 3842 1016 3874 a
1033 3829 1158 3889 Uolumbo,
1181 3832 1294 3892 Heinsio,

189 3911 347 3972 Peerlkampo
369 3915 403 3961 ad
426 3913 499 3976 Vere.
524 3911 588 3960 Asu.
611 3910 664 3962 VII
690 3915 753 3961 142:
778 3911 851 3960 Euro
873 3913 951 3972 Vm,
975 3915 1040 3972 quod
1065 3915 1169 3963 retinuit
1186 3917 1294 3975 Eyssen
1385 3969 1389 3978 ¹

190 3997 303 4045 tardtius
373 4002 406 4048 69
421 3998 450 4045 al
467 3995 495 4046 in
512 4004 535 4044 et
554 4000 587 4046 60
605 3997 674 4045 balet
692 3999 824 4046 Parisinus
843 4002 909 4048 7647
985 4001 1018 4046 60
1034 3996 1099 4064 itqb
1176 4002 1208 4048 61
1226 4015 1297 4050 mens

189 4083 228 4130 sst
251 4083 400 4146 Waynenus:
418 4084 559 4132 monstrant
580 4083 652 4142 VPe,
670 4083 793 4131 monstrat
815 4084 931 4144 Vossisn,
953 4086 1051 4132 constat
1069 4084 1207 4144 Oolsnnbus,
1226 4099 1296 4136 mens

189 4172 241 4218 stat
261 4171 299 4218 uel
316 4167 365 4218 fert
382 4169 503 4218 Heinsius
579 4172 611 4218 62
632 4166 725 4232 recipit
744 4169 865 4217 Heinsius
939 4173 973 4218 64
990 4165 1071 4216 uentis
1089 4169 1114 4217 P
1180 4169 1297 4222 conditur

190 4255 211 4305 0
278 4260 310 4306 66
330 4253 419 4320 olimpi
435 4255 460 4304 V
528 4258 559 4304 67
573 4251 691 4304 Pleiadas
708 4252 876 4319 Hyadumque
897 4253 987 4302 ohoros
1005 4254 1125 4302 Heinsius
1194 4269 1243 4319 quo
1262 4274 1296 4308 n:

190 4356 253 4406 qnos
275 4341 323 4393 VP
389 4346 422 4392 68
440 4343 525 4390 somus
548 4341 573 4390 V
