3086 4968
622 411 724 452 'CAPUT
746 411 777 451 11.
1174 413 1256 456 nvn

22 635 23 644 ,
151 603 276 649 versum
296 582 485 645 intercidisse
510 559 669 661 suspiccr;'
683 597 810 660 quosque
831 576 909 636 enim
930 576 962 637 in
981 581 1152 642 versu102
1175 583 1255 642 unde

22 725 24 754 ι
150 690 283 772 pendeat
303 706 363 748 non
385 686 491 760 video,
513 703 610 764 neque
634 684 823 762 Wagnerum
843 680 927 761 sequi
949 699 1086 761 possum,
1118 684 1167 764 qui
1189 703 1256 746 ver.

151 814 221 856 sum
244 797 306 854 102
330 791 401 873 post
423 792 465 851 98
487 789 663 850 collocatum
686 786 768 861 mult,
795 787 830 846 ut
850 804 977 866 quosque
999 785 1038 870 ad
1060 792 1159 850 armat
1180 790 1257 850 rese·

151 902 254 971 ratur;
279 915 350 956 nam
376 911 496 953 amnem
524 891 653 972 aliquem
682 890 798 952 accolas
828 907 963 950 armasse
986 890 1068 950 nullo
1090 892 1178 952 modo
1198 893 1257 956 dici

151 1003 262 1081 potest.
692 1053 695 1060 .
1032 1031 1033 1042 κ

258 1099 349 1172 Quod
376 1100 445 1178 post
465 1096 513 1161 Vl
535 1100 598 1159 258
628 1115 736 1158 versus
764 1115 824 1158 non
845 1095 944 1158 nullos
973 1095 1102 1157 sortasse
1131 1097 1258 1178 periisse

153 1205 234 1282 dixi,
270 1222 350 1264 nunc
378 1203 467 1266 video
497 1221 546 1263 mo
574 1201 769 1262 vehomenter
804 1217 930 1261 errasse.
972 1217 1151 1280 quamquam
1180 1203 1259 1264 enim

155 1305 298 1368 Onchous
312 1323 370 1385 quo
391 1283 479 1378 mulo
500 1308 636 1366 mortuus
659 1305 749 1378 esset,
767 1305 829 1364 tam
846 1302 970 1364 obscure
992 1295 1190 1382 significatum
1204 1309 1261 1384 est,

155 1413 191 1470 ut
218 1408 284 1469 iure
315 1409 364 1468 bio
394 1410 478 1470 locus
509 1408 548 1470 ad
576 1426 629 1468 eos
651 1407 800 1467 referatur
827 1427 901 1486 quos
929 1410 1019 1488 pocta
1041 1426 1101 1469 uon
1122 1412 1284 1492 emenda·-

155 1512 293 1588 darerit,
321 1512 396 1572 nihil
417 1514 518 1572 tamen
539 1508 704 1572 desiderari
721 1507 767 1569 Pii
789 1509 997 1572 adnotationes
1018 1531 1068 1571 me
1088 1511 1262 1576 docuerunt.

155 1618 201 1678 sio
220 1618 323 1677 autem
340 1633 450 1676 versus
473 1613 657 1674 aee-259
681 1612 874 1691 interpretor:
894 1633 971 1692 equo
990 1614 1115 1676 cadente
1127 1617 1263 1696 efficitur,

154 1724 192 1782 ut
216 1719 359 1781 Oncheus
385 1717 417 1777 in
446 1717 564 1778 hastam
586 1715 721 1779 Castoris
752 1735 793 1776 ex
820 1717 949 1778 adverso
976 1719 1126 1781 venientis
1147 1721 1263 1798 inruat;
1342 1791 1347 1806 ‚

156 1845 227 1885 oum
254 1841 365 1902 equum
393 1819 483 1880 armis
505 1819 654 1881 revocatis
675 1818 793 1898 erigere
811 1818 901 1897 velit,
928 1819 959 1880 id
980 1839 1042 1881 uon
1064 1825 1264 1904 consequitur,

158 1928 215 1989 sed
249 1945 346 2006 equus
381 1923 414 1983 in
442 1923 522 1984 latus
553 1942 586 1982 se
613 1922 709 1985 volvit
738 1941 898 2002 secumque
926 1923 1006 2004 rapit
1034 1927 1178 2005 equitem,
1214 1929 1265 2009 qui

156 2033 273 2092 frustra
293 2047 415 2110 operam
436 2026 503 2104 dat,
524 2029 560 2086 ut
578 2026 645 2106 ipse
666 2028 808 2104 resurgat
835 2028 867 2086 ot
890 2027 978 2088 basta
1004 2028 1170 2092 adversarii
1191 2031 1264 2093 libe-

157 2137 258 2208 ratur3
278 2132 381 2211 itaque
403 2129 529 2190 moritur
546 2130 582 2189 ut
603 2128 677 2204 avis,
698 2146 775 2208 quae
798 2127 880 2190 visco
901 2131 999 2192 tenaci
1017 2134 1138 2194 retenta
1152 2133 1266 2198 frustra

157 2236 267 2298 nititur
291 2236 420 2296 mortem
444 2219 586 2311 effugere.
628 2231 672 2292 ita
701 2231 851 2292 sententia
870 2251 1015 2294 uersuum
1034 2236 1152 2298 illorum
1174 2257 1266 2318 expo·

159 2341 221 2401 sita
241 2338 356 2412 restat,
384 2337 420 2396 ut
446 2335 567 2414 singula
593 2335 760 2416 expediam.
796 2356 824 2396 v.
846 2339 909 2398 256
931 2336 1053 2400 adverso
1075 2341 1157 2401 conto
1176 2340 1266 2401 tertio

160 2441 237 2505 e'asu
263 2441 376 2502 dictum
397 2443 445 2500 est
464 2458 519 2519 pro
540 2441 573 2500 ia
594 2438 750 2501 adversum
772 2441 904 2515 conium,
927 2459 987 2500 non
1008 2443 1113 2517 sexto,
1135 2445 1170 2504 ut
1191 2442 1267 2506 Bur-

158 2565 291 2608 mannus
322 2545 354 2604 et
374 2542 551 2622 Wagnerus
572 2542 742 2604 voluerunt.
777 2561 806 2602 v.
823 2545 886 2604 258
911 2543 962 2621 qui
987 2563 1042 2624 pro
1067 2545 1179 2609 accedit
1200 2565 1268 2608 cum

160 2649 289 2711 Heinsio
309 2645 418 2709 assedit
439 2643 617 2725 reposuorIt,
635 2645 693 2706 etsi
713 2663 752 2705 ne
773 2644 803 2704 id
827 2645 947 2725 quidem
967 2647 1093 2710 verbum
1113 2649 1183 2710 buio
1203 2650 1268 2714 looo

160 2755 268 2833 aptum
296 2751 358 2825 est,
386 2747 498 2828 aliquid
520 2749 622 2808 tannen
643 2748 810 2831 profecerit.
844 2767 873 2808 r.
890 2752 951 2812 259
973 2750 1075 2812 verbis
1096 2769 1172 2828 quae
1198 2756 1269 2816 sunt

160 2858 250 2918 roret
262 2853 373 2936 procul
395 2852 503 2913 albino
523 2853 623 2934 cuspis
644 2850 840 2930 significatur,
862 2869 882 2912 a
905 2853 1028 2933 cuspide
1048 2854 1194 2916 hastae'i.
1206 2875 1269 2917 ee

159 2959 289 3020 vulnere
310 2955 422 3016 mortui
442 2954 623 3032 sanguinem
642 2956 733 3033 longe
754 2973 901 3016 manasse.

266 3056 381 3120 Contra
402 3056 434 3116 in
456 3055 562 3116 eodem
582 3056 658 3118 libro
680 3056 889 3119 interserens
912 3059 972 3119 571
995 3061 1026 3120 et
1047 3063 1109 3122 572
1131 3060 1269 3131 lacunam

160 3179 234 3221 esse
256 3159 347 3220 etiam
368 3179 448 3222 nuuc
469 3159 633 3235 contendo,
655 3159 706 3219 ubi
728 3179 797 3220 eum
817 3160 916 3221 locum
937 3177 1027 3239 quam
1041 3160 1270 3239 diligentissime

162 3263 250 3344 potui
277 3262 447 3324 retractavi.
482 3279 552 3322 nam
582 3258 734 3322 Carrionis
763 3263 912 3343 scriptura
940 3265 1077 3325 brembus
1091 3269 1271 3347 praereptas

162 3370 197 3427 in
220 3369 308 3428 aonio
330 3365 474 3426 sincerior
495 3364 614 3444 quidem
637 3368 693 3441 est,
716 3385 804 3446 quam
827 3365 967 3427 Vaticani
987 3366 1191 3428 testimonium
1208 3370 1272 3432 bre—

162 3469 389 3550 moeroreque
409 3470 441 3528 io
463 3470 565 3544 onom,
594 3467 650 3528 scd
670 3469 730 3528 nisi
751 3467 900 3530 addideris
925 3467 1052 3549 aliquid,
1078 3489 1176 3549 neque
1205 3492 1272 3534 sen-

164 3571 292 3632 teutiam
318 3570 443 3631 habebis
462 3572 660 3652 probabilem,
686 3591 755 3633 eum
785 3572 924 3634 breuibus
936 3576 1116 3656 praereptus
1136 3576 1169 3636 io
1189 3580 1275 3641 ouum

163 3673 247 3734 idem
268 3671 326 3748 sit,
356 3675 438 3752 quod
458 3677 633 3738 immoritur
648 3679 840 3758 primoecce,
870 3695 968 3755 noque
988 3677 1084 3738 verba
1104 3680 1175 3758 apte
1195 3681 1274 3741 inter

165 3795 200 3836 se
222 3795 346 3838 conexa
380 3775 525 3840 Heinsius
547 3780 664 3855 autem,
694 3780 744 3860 qui
771 3779 911 3852 breoobao
933 3783 1094 3863 praecepto
1114 3783 1275 3844 cabannis

165 3878 304 3952 coniecit,
325 3879 357 3939 id
377 3881 414 3942 iis
437 3900 513 3961 quae
535 3881 671 3962 proxime
694 3881 876 3943 antecedunt
897 3903 949 3944 oee
963 3882 1081 3946 reddito
1095 3903 1164 3946 coro
1178 3885 1273 3946 uen-

166 3987 264 4046 merto
280 3987 370 4065 patri
388 3985 570 4046 contrarium
599 4003 668 4044 esse
696 4003 756 4044 non
777 3983 870 4058 vidit;
896 3991 1059 4066 praecepta
1080 3985 1159 4046 enim
1179 3985 1272 4046 nutri-

166 4088 270 4147 menta
290 4105 351 4148 non
372 4091 443 4149 sunt
463 4087 591 4168 perdita,
613 4087 669 4148 sed
691 4088 762 4147 ante
782 4089 902 4168 tempus
922 4090 1017 4168 capta
1048 4089 1107 4148 duo
1129 4087 1192 4146 fere
1205 4106 1274 4148 ver·

168 4208 222 4248 sus
242 4187 467 4265 interciderunt,
486 4209 612 4270 quorum
623 4188 724 4270 priore
740 4190 811 4270 quid
825 4191 937 4252 dictum
951 4190 1048 4267 suerit,
1069 4189 1143 4250 nibil
1158 4190 1274 4252 adtinet

168 4289 328 4369 quaerore,
350 4293 445 4353 altero
467 4295 568 4355 autem
590 4291 894 4373 (lolcborumaliquis
916 4294 966 4354 vel
988 4292 1160 4372 Minyarum
1179 4294 1272 4355 nomi·
