3072 4974
678 437 701 478 C.
717 437 823 478 VALERI
838 439 938 481 FLACCI

342 607 487 667 aequora,
509 607 587 649 nuuc
608 589 687 650 totus
710 591 825 671 aperite
847 594 879 653 et
900 591 1014 652 volvite
1036 591 1178 652 flammas.

342 692 433 753 exeat
453 691 619 754 Haemonio
642 693 750 753 messis
769 694 963 755 memoranda
984 695 1097 772 colono,

341 797 436 873 tuque
458 796 543 856 tuum
564 796 643 877 patri
661 796 693 856 in
715 792 823 856 Graios
842 797 899 873 da,
918 800 1002 872 nata,
1025 797 1192 860 draconem.
1295 799 1362 860 550

343 899 438 980 ipsius
461 900 584 977 aspectu
605 901 747 980 pereant,
764 918 804 958 ue
826 899 941 961 vellera
961 903 993 962 et
1015 900 1084 982 ipsa

341 1004 429 1080 terga
449 1000 521 1062 mihi
541 987 622 1062 diros
643 1005 768 1063 servent
786 1003 896 1065 infecta
911 995 1049 1064 cruores?

339 1106 421 1168 fatur
442 1107 474 1166 et
495 1103 597 1165 effusis
619 1107 710 1187 pandi
731 1106 815 1168 iubet
837 1123 966 1187 aequora
986 1105 1091 1166 tauris.

340 1228 412 1291 pars
435 1211 467 1270 51
483 1207 618 1268 Echionii
639 1209 769 1272 subeunt
788 1209 919 1271 mmania
939 1208 1039 1270 dentis
1226 1275 1230 1282 ¹

342 1313 471 1390 semina,
492 1313 571 1391 pars'
585 1311 643 1372 diri
663 1314 786 1392 portant
805 1332 900 1393 gram
920 1313 1013 1376 robur
1034 1313 1146 1374 aratri(
1295 1315 1360 1374 555

341 1418 373 1478 51
392 1433 448 1476 555
465 1415 688 1493 magnanimum
708 1419 811 1478 contra
831 1414 988 1496 Pagasaea
1008 1415 1151 1477 iuventus

340 1519 532 1600 prosequitur
554 1520 704 1601 stipatque
727 1519 848 1593 duoem;
869 1522 937 1580 tum·
957 1518 1088 1580 maxima
1109 1519 1236 1599 quisque

340 1623 421 1685 (11515
443 1622 525 1683 dedit
548 1623 707 1704 saevisque
730 1623 834 1705 procul
856 1622 995 1684 discessit
1017 1622 1055 1683 ab
1077 1621 1167 1700 agris.

340 1727 449 1789 fixerat
467 1725 519 1787 1115
541 1727 654 1806 gradus
674 1729 796 1808 totoque
819 1745 859 1786 ex
877 1726 996 1806 agmine
1021 1725 1103 1786 55155

341 1829 454 1905 515551,
474 1831 509 1890 51
530 1830 673 1891 extremis
698 1830 837 1890 desertus
859 1829 896 1889 ab
917 1827 1038 1888 orbibus
1061 1825 1137 1901 axis,
1293 1831 1359 1890 560

340 1952 429 2012 quem
446 1931 506 1992 iam
525 1932 608 1993 lassa
630 1932 695 1993 dies
716 1932 871 2010 austrique
893 1929 1027 1990 ardentis
1051 1929 1191 2005 harenae,

340 2037 393 2096 aut
414 2054 503 2114 quem
524 2035 678 2117 Rhipaeas
699 2038 853 2097 extantem
873 2051 980 2094 rursus
1002 2031 1041 2094 ad
1063 2051 1147 2096 arces

340 2138 393 2198 nix
415 2141 447 2198 et
468 2140 598 2200 caenulei
619 2138 735 2200 Boreae
758 2138 842 2198 ferus
864 2137 1130 2214 abstulithorrom

341 2260 408 2303 cum
433 2241 530 2302 subito
550 2241 669 2303 attoniti
688 2241 865 2322 longissima
885 2238 1021 2301 Phasidis
1043 2239 1125 2300 unda

341 2343 571 2425 Caucaseaeque
592 2346 695 2407 trabes
717 2344 871 2425 omnisque
892 2343 1006 2408 555115
1020 2343 1112 2404 151155
1292 2342 1356 2402 565

339 2449 423 2512 fulsit
445 2450 476 2510 et
494 2449 635 2511 ardentes
657 2449 776 2512 stabula
792 2448 925 2510 effudere
943 2447 1092 2510 tenebras.

251 2623 505 2633 Ι..ιι--------«,..--.---

357 2739 406 2784 548
425 2747 491 2781 5555
508 2736 562 2781 1515
580 2736 726 2795 coopertum
749 2732 869 2782 involvite
892 2733 990 2784 flamma
1005 2736 1125 2784 Heinsius
1230 2737 1279 2782 519
1300 2747 1356 2780 me-

252 2819 345 2871 tuenda
361 2821 436 2877 Pius,
461 2820 525 2866 idern
542 2820 579 2866 551
603 2817 726 2880 ploranda
741 2820 862 2867 Heinsius
954 2824 1004 2871 550
1021 2819 1119 2884 Tuque]
1139 2819 1206 2869 Tuae
1225 2821 1282 2867 Ata.

252 2905 320 2976 patri
336 2905 364 2954 in
380 2901 471 2952 Graios
489 2905 627 2952 Heinsius:
653 2902 747 2968 partim
766 2903 863 2966 graium
887 2905 982 2963 Vua,
1011 2905 1078 2968 parti
1095 2905 1194 2969 graium
1213 2908 1245 2964 U,
1267 2883 1354 2968 Tuque

251 2999 321 3041 tuum
339 2988 444 3054 gradiue
463 2994 536 3053 pater
558 2989 675 3039 damnata
691 2992 770 3048 Bon,
797 2989 883 3054 Tuque
901 2994 972 3039 tuum
990 2990 1074 3039 Graiis
1097 2996 1197 3055 pastum
1215 2991 1260 3055 da,
1286 2995 1354 3054 nuta,

250 3080 382 3130 draconem
401 3076 486 3140 Ipsius
504 3074 625 3138 adspectu
641 3079 670 3124 ut
688 3076 793 3139 pereant
809 3076 982 3135 Burmannus,
1006 3074 1093 3140 Tuque
1117 3079 1160 3126 tua
1177 3083 1278 3142 pastum
1293 3093 1355 3128 cura

250 3166 290 3228 da,
304 3167 370 3225 uate,
393 3162 525 3212 draconem
538 3161 687 3212 Siotiueuwer
703 3163 720 3208 1.
737 3163 754 3208 l.
765 3178 793 3222 p.
809 3166 864 3211 181.
881 3177 924 3226 epo
935 3163 991 3211 alim
1007 3165 1152 3211 emissenam
1168 3167 1244 3229 tuque
1265 3164 1354 3216 ducem

248 3249 275 3300 in
294 3247 398 3298 Graium
416 3246 484 3310 patri
553 3251 601 3296 551
621 3261 652 3295 55
670 3244 764 3296 vellera
780 3247 857 3295 Arna
875 3246 902 3295 in
919 3246 1015 3297 uellera
1038 3249 1157 3308 VBon.a‚
1181 3249 1242 3314 quia
1259 3251 1353 3301 vellera

249 3337 377 3384 Heinsius.
399 3332 492 3382 vellera
511 3345 604 3392 quoque
621 3345 669 3380 non
685 3333 766 3381 dubita
785 3335 845 3392 quin
865 3342 1007 3395 corruptum
1031 3336 1077 3393 sit,
1101 3349 1156 3384 narn
1174 3336 1240 3385 inter
1260 3335 1353 3386 vellera

249 3429 271 3472 et
296 3423 369 3482 terga
393 3419 456 3466 nihii
486 3420 596 3466 interest.
617 3414 729 3476 fortasse
755 3416 830 3466 villus
864 3417 896 3478 af.
916 3416 967 3467 VII
995 3423 1043 3478 31,
1066 3417 1132 3468 VIII
1159 3424 1206 3468 122
1234 3427 1257 3470 51
1280 3424 1349 3472 oasa.

249 3509 301 3556 iser.
322 3501 361 3552 VI
384 3508 416 3553 49
527 3507 599 3570 etp
621 3503 760 3550 Heinsius:
784 3503 810 3551 in
836 3506 871 3554 175
988 3509 1037 3554 555
1062 3503 1120 3554 duri
1148 3507 1283 3568 Wapnsrns

250 3594 299 3642 551
320 3586 446 3650 stipatque
471 3589 558 3638 ducem
582 3591 636 3637 tum
654 3589 674 3635 O
690 3595 713 3635 n
731 3591 803 3636 codsa
822 3591 975 3640 Burmanni:
1006 3589 1138 3654 spatioque
1166 3589 1298 3640 ducentum
1320 3593 1350 3651 17,

250 3671 382 3737 spatioque
400 3669 487 3720 ducem
505 3676 558 3721 tum
575 3674 680 3730 Mu,
705 3671 821 3734 speciosa
846 3672 932 3723 ducem
955 3679 1007 3724 tum
1026 3679 1088 3725 Bon.
1162 3676 1262 3726 assub
1281 3677 1351 3742 agris

247 3758 453 3811 Ban.Heinsins:
486 3758 513 3808 in
542 3758 611 3822 agris
636 3760 685 3815 175,
715 3757 742 3806 15
772 3773 848 3823 egros
867 3761 926 3808 Alci.
1047 3768 1096 3816 559
1123 3778 1153 3812 ex
1177 3761 1277 3826 agmine
1302 3778 1351 3824 aa:

246 3843 359 3898 examine
382 3844 407 3893 V
506 3849 557 3894 560
582 3843 685 3892 orbibus
703 3845 744 3892 H:
770 3844 856 3893 oribus
879 3847 904 3896 V
1010 3853 1058 3899 561
1085 3847 1158 3913 lapsa
1175 3865 1209 3913 ψ,
1233 3846 1291 3898 laxa
1313 3851 1352 3898 551

247 3932 352 3998 adlapsa
370 3933 529 3978 Burmannus
616 3927 727 3991 astrique
745 3930 902 3978 Burmannus
990 3933 1160 3998 5655155555
1184 3935 1209 3982 V
1279 3948 1350 3983 arces

247 4019 289 4070 H:
306 4019 381 4068 55155,
398 4016 427 4074 17,
453 4017 544 4064 Arctos
561 4015 682 4064 Heinsius
769 4019 818 4064 563
837 4015 941 4080 borseae
968 4021 992 4068 V
1075 4021 1184 4068 uersibus
1203 4023 1349 4070 559-563

247 4103 398 4166 explicandis
417 4103 588 4158 Burmannus,
607 4099 743 4148 Douniilins
760 4102 793 4148 sd
808 4100 901 4150 Oderit.
920 4100 972 4151 VII
990 4107 1014 4163 6,
1039 4105 1175 4168 Wapuerus
1191 4106 1237 4152 aiii
1247 4102 1351 4164 frustra

191 4199 195 4205 '
247 4203 342 4250 operam
361 4190 485 4236 usurum.
507 4189 584 4235 dicam
601 4188 629 4234 ds
647 4188 699 4234 iilis
718 4188 744 4234 in
760 4183 839 4245 praef.
913 4191 962 4237 564
981 4187 1130 4237 5115511150
1199 4195 1248 4240 565
1261 4191 1351 4240 Aeetia

250 4292 282 4340 qu:
308 4272 374 4324 aetia
398 4274 428 4331 V,
456 4271 538 4321 555115
555 4289 593 4332 m,
619 4271 696 4321 Assia
722 4273 843 4320 Heinsius
954 4277 1002 4322 566
1026 4274 1135 4326 effudere
1161 4277 1281 4324 Heinsius

247 4360 362 4411 tenebras
381 4361 413 4406 G:
432 4355 547 4407 tenebras
572 4358 616 4418 Va
