3072 4974
527 406 747 448 sseonavmocs
777 407 862 448 nmnn
876 407 916 447 vr.
1208 383 1271 451 177

251 564 301 625 ast
323 562 431 645 epulae
453 560 659 642 quodcumque
679 577 789 640 pecus,
810 577 1014 640 quaecumque
1036 559 1174 622 ferarum.

249 665 336 727 mitte
356 663 467 741 Asiae,
488 663 574 724 mitte
595 661 745 741 Argolicis
767 662 909 723 mandata
928 660 1048 741 colonis,

249 787 289 828 ne
301 767 466 848 trepident;
479 783 643 845 numquam
651 765 706 826 has
715 763 837 841 hiemes,
851 765 1008 826 haecsaxa
1018 763 1193 844 relinquam,
1206 766 1268 828 335

248 870 357 932 Martis
379 889 485 950 agros,
505 869 557 930 ubi
576 869 636 930 iam
658 887 749 930 saevo
769 867 943 928 duravimus
966 885 1054 928 amne

249 971 425 1054 progeniem
445 973 592 1051 natosque
609 970 716 1049 rudes,
739 970 790 1031 ubi
810 969 895 1051 eopia
913 969 967 1030 leti

146 1139 148 1144 Α
251 1078 337 1137 tante
358 1075 440 1136 viris.
486 1073 530 1135 sic
550 1073 582 1134 in
602 1072 709 1156 patriis
731 1073 842 1134 bellare
862 1073 977 1155 pruinis

250 1177 446 1259 praedarique
468 1177 565 1255 iuvat,
595 1176 743 1256 talemque
764 1173 852 1236 hano..
862 1176 964 1256 accipe
985 1166 1140 1237 dextram?

198 1328 199 1332 ,
250 1281 340 1360 dixit,
366 1283 399 1342 et
415 1279 530 1342 Edonis
550 1279 696 1340 nutritum
718 1277 832 1340 missile
852 1279 951 1339 ventis
1206 1280 1270 1341 340

252 1384 395 1460 eoncitat3
417 1385 441 1446 it
461 1383 593 1447 medium
614 1401 670 1464 per
691 1384 797 1463 peetus
821 1382 854 1441 et
874 1378 994 1442 horrida
1014 1398 1097 1443 nexu

249 1485 348 1547 letifer
370 1505 441 1550 aera
461 1487 593 1567 chalybs.
637 1485 774 1565 trepidus
796 1501 888 1563 super
907 1483 1030 1546 advolat
1049 1483 1122 1546 Idas

249 1607 286 1650 ac
308 1588 396 1650 simul
418 1587 551 1651 Oenides
571 1587 743 1670 pariterque
764 1585 934 1648 Menoetius
956 1589 988 1648 et
1010 1587 1061 1665 qui

249 1689 400 1772 Bebrycio
420 1691 543 1772 propius
565 1689 712 1752 remeavit
730 1689 767 1750 ab
788 1687 906 1769 hospite
926 1688 1030 1751 victor.
1101 1691 1105 1700 '

250 1793 283 1854 at
304 1811 378 1854 uero
399 1795 553 1874 ingentem
576 1792 719 1854 Telamon
740 1791 844 1873 procul
866 1791 976 1852 extulit
997 1792 1099 1853 orbem
1140 1795 1143 1801 '
1205 1797 1267 1857 345

250 1894 420 1956 exanimem
441 1899 487 1975 te,
510 1895 641 1973 Canthe,
664 1899 785 1976 tegens:
811 1914 867 1957 ceu
889 1895 1013 1975 saeptus
1034 1895 1067 1956 in
1086 1897 1168 1974 arto,

251 1998 304 2059 dat
325 2000 440 2062 catulos
461 2002 532 2081 post
553 2001 640 2079 terga
662 2001 724 2076 leo,
747 2001 792 2061 sio
813 1997 978 2060 comminus
998 1997 1117 2060 hastam

249 2099 399 2164 Aeacides
417 2119 617 2182 gressumque
642 2103 725 2165 tenet
746 2105 908 2182 contraque
929 2103 1067 2162 ruentem

250 2207 375 2286 septeno
393 2204 525 2265 ualidam
544 2204 713 2266 circumfert
733 2205 866 2284 tegmine
887 2203 1002 2264 molem.
1028 2197 1030 2202 ’

249 2326 306 2369 nec
325 2307 424 2370 minus
436 2307 505 2370 hino
516 2310 629 2387 urguet
642 2306 784 2390 Scythiae
799 2325 906 2368 manus
919 2325 1060 2387 armaque
1073 2305 1182 2370 canthi
1206 2310 1269 2372 350

249 2411 376 2491 quisque
398 2409 454 2470 sibi
478 2410 510 2470 et
531 2405 623 2471 Graio
643 2427 771 2490 poenam
792 2410 830 2470 de
852 2427 976 2490 corpore
995 2428 1131 2490 poscens.

250 2515 363 2574 arduus
386 2513 455 2576 inde
476 2513 576 2590 labos,
599 2512 756 2593 medioque
778 2513 809 2573 in
831 2531 955 2593 corpore
976 2532 1080 2593 pugna

250 2616 425 2678 conseritur.
468 2637 578 2698 magno
598 2616 694 2678 veluti
712 2636 780 2678 cum
801 2617 920 2679 turbine
941 2635 1009 2676 sese

143 2783 145 2792 ,
250 2721 345 2802 ipsius
368 2720 492 2782 Aeoliae
514 2723 658 2802 frangunt
679 2721 710 2783 in
731 2721 832 2782 limine
853 2719 946 2796 renti,
1023 2723 1026 2730 '

250 2844 339 2904 quem
360 2824 462 2904 pelagi
483 2825 596 2903 rabies,
618 2845 707 2905 quem
728 2825 843 2903 nubila,
867 2841 1014 2902 quemque
1038 2825 1181 2904 sequatur
1204 2827 1266 2888 355

270 3047 319 3092 333
339 3044 443 3108 aepulae
465 3046 491 3095 V
575 3061 726 3111 quecumque
748 3051 773 3099 V
873 3051 922 3096 335
940 3042 1068 3109 trepident
1083 3059 1119 3112 ip:
1141 3046 1270 3110 trepidant

169 3129 195 3181 V
277 3127 416 3192 relinquam
438 3143 471 3194 ψι
495 3128 622 3194 relinquat
642 3135 671 3192 V,
700 3133 881 3196 relinquente
983 3133 1033 3179 336
1058 3127 1102 3176 ubi
1124 3127 1175 3177 ism
1194 3145 1269 3182 saevo

165 3215 239 3262 Aius
260 3212 304 3262 ubi
322 3217 374 3262 tam
392 3213 461 3262 saeui
472 3214 501 3272 V,
522 3211 604 3282 (agro)
624 3219 732 3270 subitum
749 3219 818 3269 saevi
834 3218 867 3275 0,
885 3214 998 3263 ubitam
1017 3225 1091 3260 saevo
1108 3213 1187 3274 Bora,
1205 3215 1268 3273 ¹soli·

164 3301 217 3348 tam
235 3301 272 3348 osi
291 3301 387 3348 suetam
406 3299 474 3349 saevi
491 3302 623 3363 Heinsius,
650 3307 694 3365 qui
709 3321 732 3354 o.
754 3308 803 3354 337
823 3308 882 3365 post
898 3298 972 3348 rudes
993 3305 1113 3359 puuctum
1132 3305 1155 3346 ct
1173 3315 1195 3348 u.
1218 3304 1268 3352 333

159 3391 219 3447 post
237 3383 300 3434 viris
315 3392 397 3433 uotam
416 3386 629 3449 iutcruoputorium
647 3391 742 3450 posuit.
779 3388 889 3437 Ueterum
904 3398 978 3432 saevo
995 3374 1124 3444 scripsisse
1146 3385 1270 3435 Valerium

169 3471 295 3534 Vupiiius
310 3472 377 3518 docet
396 3469 436 3520 IX
454 3475 503 3520 601
575 3475 700 3526 nmnaeV
766 3477 815 3523 337
834 3469 907 3534 capia
920 3469 945 3518 V
1010 3471 1060 3518 340
1077 3465 1175 3518 Edonis
1193 3471 1268 3528 Alit:

165 3553 277 3604 aedoniis
289 3556 373 3604 VBou.
461 3559 510 3604 341
530 3555 552 3604 it
568 3571 603 3622 ip:
622 3557 653 3607 ed
668 3559 694 3609 V
776 3561 825 3606 342
844 3552 955 3604 Laetifer
968 3553 993 3602 V
1058 3551 1163 3620 chalyps
1178 3555 1204 3606 V

164 3641 265 3707 trepido
284 3638 462 3706 superadvolat
479 3643 517 3689 uel
532 3639 638 3704 rapidus
657 3641 834 3708 superadvolet
849 3643 1006 3688 Bussuuuuus
1058 3641 1108 3688 343
1126 3641 1268 3692 meonetius

169 3730 195 3780 V
271 3731 322 3778 344
340 3725 459 3790 propius]
479 3715 567 3789 pollu'x
584 3727 646 3778 Bou.
667 3727 773 3793 propius
790 3729 856 3776 iliud
870 3728 931 3787 quin
948 3732 1088 3787 corruptum
1108 3727 1140 3773 sit
1157 3741 1208 3775 uon
1224 3731 1269 3776 du·

165 3813 214 3860 bito
282 3815 331 3860 346
350 3811 512 3874 saepiussi:
531 3816 618 3876 septus
640 3816 664 3865 V
728 3816 797 3862 arcto
820 3814 846 3863 V
934 3816 983 3861 347
1002 3811 1100 3860 hastam
1119 3813 1274 3864 chiusiust'

128 3887 239 3948 'hesta
249 3898 296 3962 Vqr
367 3899 416 3945 348
435 3899 537 3944 ruentes
553 3899 674 3948 Heiusius
743 3903 792 3949 349
811 3897 924 3962 Septcno
937 3898 962 3948 V
1029 3899 1079 3945 350
1097 3900 1274 3962 armaquellle·

166 3997 236 4032 arma
257 3982 283 4034 V
365 3985 414 4030 351
434 3980 553 4044 praedam
572 3985 729 4032 Burumsmus
806 3981 890 4046 poscit
906 3981 965 4028 Ali.
1045 3981 1094 4028 353
1112 3981 1213 4031 turbine
1231 3992 1280 4049 sp:⁸

165 4065 273 4115 immine
286 4068 311 4117 V
376 4069 428 4115 354
446 4063 554 4114 euboeae
572 4068 652 4128 Bou,
673 4067 778 4118 subolae
789 4069 849 4118 Aia.
870 4069 1028 4115 Burmannus
1041 4065 1149 4124 primum
1168 4071 1269 4118 coniecit

166 4149 280 4216 Spissius
287 4151 377 4201 Aeolio
394 4149 516 4216 frangunt
534 4168 553 4201 c.
563 4166 586 4213 q.
596 4169 633 4213 a,
653 4156 738 4202 uiuis
755 4154 848 4202 Aldina
866 4153 990 4211 scripturo
1002 4148 1107 4208 probata
1124 4164 1147 4199 u.
1164 4154 1214 4203 355
1229 4167 1265 4214 sq.

160 4237 291 4298 proposuit
309 4250 429 4300 quemque
448 4239 584 4301 sequantur
594 4237 667 4288 Mille
678 4237 746 4290 vicos
764 4240 802 4288 uei
818 4248 939 4303 quemque
957 4233 1075 4296 sequatur
1087 4233 1144 4286 Uda
1160 4235 1214 4288 dies
1231 4241 1274 4291 uct-

165 4335 287 4386 quemque
306 4324 423 4384 tequam
440 4323 519 4374 Nulla
536 4321 607 4387 quiea
620 4324 659 4374 uel
671 4337 791 4387 quemque
809 4323 928 4386 sequatur
940 4315 1018 4370 Nulla
1036 4314 1098 4367 dies.

220 4408 293 4458 aurio,
308 4406 360 4450 vu.
373 4406 409 4448 su.
1011 4408 1051 4466 12
