3086 4968
256 432 307 476 m
696 433 924 479 mmmmm!

259 599 404 682 optimum
423 620 548 663 versum
576 600 641 662 sine
669 599 778 661 idonea
805 619 897 663 causa
921 603 1097 682 suspectum
1118 602 1241 682 habuit,
1269 625 1368 688 neque

258 701 425 764 Burmanni
448 703 634 766 coniecturas
657 705 784 785 probare
806 707 951 785 poteram.
985 706 1186 788 interpunctio
1203 709 1283 770 enim
1296 714 1367 772 ante
1494 700 1499 705 ⁸

259 807 397 868 ultimum
417 807 526 888 pedem
546 807 646 888 posita
667 825 758 886 quam
770 806 900 868 maxime
913 808 1060 890 displicet
1076 845 1118 856 -
1136 809 1185 872 VI
1198 813 1262 873 417
1275 814 1367 874 inter-

260 909 370 970 cidisse
390 910 502 989 aliqnid
527 909 701 988 significavi.
739 908 771 968 in
792 897 939 972 Vaticano
960 912 1040 972 enim
1059 931 1169 974 versus
1190 918 1253 977 418
1273 919 1369 979 verba

260 1015 400 1074 extrema
418 1014 478 1074 huc
499 1012 659 1093 adsumpta
682 1012 767 1086 sunt,
787 1014 823 1072 ut
844 1015 973 1093 uterque
995 1033 1105 1076 versus
1123 1021 1215 1080 exeat
1234 1019 1266 1081 in
1284 1024 1369 1103 peste

258 1117 411 1178 reuocat.
451 1133 527 1194 quae
547 1115 579 1176 in
599 1115 676 1176 libro
699 1111 849 1175 (lanionis
874 1116 997 1180 fuerunt
1019 1139 1094 1182 caro
1116 1139 1218 1184 cavom
1240 1141 1308 1184 oum
1328 1123 1367 1185 iis

261 1235 339 1296 quae
361 1217 542 1278 antecedunt
561 1218 635 1279 boot
654 1235 780 1297 aequom
804 1217 981 1282 Colchorum
1001 1225 1108 1300 ocimi,
1137 1225 1225 1286 modo
1247 1230 1368 1288 senten·

259 1319 335 1382 tiam
362 1339 466 1380 eorum
494 1337 587 1399 supr-a
608 1319 689 1399 (pag.
709 1317 835 1399 XVIH)
857 1325 940 1384 recte
961 1325 1189 1406 explicaverim,
1215 1321 1276 1390 non
1298 1349 1367 1392 con·

260 1424 396 1484 veniunt.
438 1439 509 1482 nam
537 1419 589 1499 qui
617 1437 725 1480 cavere
755 1422 816 1484 tela
841 1444 901 1486 non
932 1430 1019 1488 curat
1046 1447 1188 1508 magnam
1213 1434 1368 1497 audaciam

260 1527 375 1608 probat.
409 1542 509 1605 neque
521 1521 692 1583 Ariasmani
714 1525 815 1605 copias
836 1527 867 1587 in
886 1530 972 1590 tanta
993 1530 1079 1592 olade
1098 1534 1160 1594 tela
1179 1536 1288 1600 iecisse
1301 1539 1368 1600 veri

262 1627 358 1690 simile
387 1631 442 1690 est.
477 1628 673 1711 expectamus
703 1628 803 1708 potius
825 1630 982 1693 Valerium
1008 1633 1138 1714 dixisse,
1167 1636 1285 1700 Colchis
1306 1661 1368 1704 non

262 1750 340 1812 opus
365 1731 460 1792 finisse
484 1730 546 1790 tela
564 1729 671 1790 vitare.
710 1731 800 1792 etiam
822 1734 901 1813 quod
921 1733 1114 1798 Burmannus
1136 1741 1290 1822 supplevit
1310 1763 1368 1806 ooo

260 1835 353 1897 obedo
375 1834 491 1896 domnis
512 1833 664 1913 displicet,
685 1835 764 1912 quod
783 1835 821 1896 iis
844 1856 920 1918 quae
939 1845 1083 1902 secuntur
1103 1862 1163 1904 non
1186 1845 1369 1907 eontrarium

262 1940 318 1998 est.
340 1971 383 1983 --
409 1937 441 1998 in
460 1935 535 1997 libro
564 1937 691 2016 septimo
712 1957 820 1998 versus
843 1943 906 2002 244
926 1963 988 2004 vox
1010 1947 1146 2008 extrema
1167 1935 1198 2008 in
1218 1947 1367 2012 Vaticano

262 2041 311 2101 est
331 2043 437 2116 menti,
465 2057 555 2120 quam
584 2042 712 2120 apparet
740 2060 872 2110 eversu
894 2049 967 2108 243
983 2048 1041 2109 huo
1064 2050 1223 2112 deductam
1245 2070 1314 2112 esse
1336 2056 1368 2115 et
1480 2085 1482 2090 ·

261 2142 424 2222 genuinam
453 2143 633 2222 scripturam
662 2142 727 2204 loeo
757 2145 895 2208 movisse.
938 2147 1041 2212 Carrio
1072 2152 1170 2216 arduo
1198 2161 1314 2220 omooto'
1336 2159 1368 2220 in

262 2265 318 2307 suo
346 2245 448 2306 codiee
475 2246 569 2306 finisse
589 2248 719 2308 testatus
741 2248 805 2325 est,
832 2252 912 2328 quod
932 2272 993 2315 non
1009 2273 1099 2317 unam
1122 2258 1159 2318 ob
1182 2277 1303 2322 causam
1320 2281 1368 2323 re

260 2347 429 2409 iectaneum
458 2350 513 2410 est
557 2367 627 2410 nam
655 2350 788 2410 nondum
817 2358 969 2416 amantem
997 2378 1032 2420 se
1066 2360 1201 2424 confiteri
1227 2363 1369 2427 Medeam
1495 2355 1499 2362 ’

261 2447 453 2512 Burmannus
481 2451 541 2512 iam
559 2453 682 2514 monuit
723 2456 787 2514 tum
810 2456 848 2516 ad
872 2478 962 2521 voces
984 2481 1061 2542 quae
1086 2467 1157 2526 sunt
1178 2467 1264 2529 uallo
1286 2471 1370 2550 quiea

262 2555 376 2630 animo,
406 2553 510 2615 culleos
538 2575 626 2636 sopor
648 2554 799 2617 Carmanis
828 2557 880 2618 illa
905 2561 1094 2642 ineleganter
1123 2569 1261 2650 adposita
1288 2575 1367 2633 sunt

261 2654 390 2733 denique
409 2655 519 2717 vitiosa
547 2659 595 2718 est
623 2656 707 2718 elisio
735 2657 767 2717 in
792 2658 896 2736 quinta
923 2665 1003 2726 thesi
1026 2669 1112 2732 iacta.
1155 2673 1236 2751 quod
1258 2675 1368 2753 again

260 2757 450 2819 adnotatione
472 2758 601 2820 sortasse
623 2759 793 2822 addendum
815 2763 879 2824 dixi
899 2770 1046 2848 membro,
1068 2771 1100 2833 in
1115 2773 1147 2835 id
1167 2774 1266 2852 incidi,
1288 2777 1367 2857 quod

259 2860 336 2922 fabri
365 2880 399 2921 se
426 2862 534 2942 corripi
562 2862 673 2923 Medea
702 2863 787 2940 queri
816 2865 937 2930 videtur
965 2872 997 2930 et
1019 2874 1107 2936 amolo
1128 2876 1231 2956 febris
1259 2879 1368 2944 dicitur

142 3021 147 3030 ,
262 2982 281 3025 a
302 2963 438 3042 Vergilio
459 2983 563 3043 georg.
584 2964 634 3026 ΠΙ
656 2969 736 3041 4583
768 2969 823 3029 sed
842 2969 873 3031 id
897 2965 1063 3038 ludibunda
1083 2997 1175 3042 manu
1193 2982 1250 3043 ieci
1268 3004 1367 3065 neque

203 3111 206 3115 -
260 3066 352 3128 velim
370 3066 492 3128 Valerio
513 3069 622 3129 inferri
642 3104 687 3113 —
707 3069 775 3130 libri
799 3075 897 3136 octavi
916 3097 1025 3140 versus
1052 3085 1111 3143 161
1135 3083 1203 3144 finis
1224 3088 1314 3166 periit
1335 3088 1367 3148 in

259 3169 424 3247 Vaticano,
451 3171 521 3250 quia
547 3172 687 3233 librarius
714 3173 827 3235 exitum
855 3197 963 3241 versus
997 3185 1134 3262 proximo
1161 3191 1366 3252 antecedentis

258 3273 410 3354 repetivit.
448 3273 595 3335 Italorum
616 3275 860 3356 supplementum
879 3301 1008 3364 aequora
1020 3291 1105 3364 romi,
1126 3293 1279 3370 probabile
1291 3271 1367 3355 illud

260 3376 396 3454 quidem,
419 3377 471 3438 sed
494 3397 554 3438 non
576 3381 706 3454 certum,
729 3381 812 3444 nolui
835 3385 949 3446 Valerii
972 3391 1073 3452 verbis
1094 3392 1235 3457 inserere.

363 3478 554 3558 Aliquotiens
587 3481 696 3542 codicis
719 3483 859 3546 Vaticani
885 3491 1058 3553 memoriam
1085 3514 1121 3556 eo
1152 3498 1290 3560 videmus
1314 3500 1366 3561 de·

258 3583 432 3660 pravatam,
462 3583 542 3662 quod
568 3584 698 3646 librariis
719 3604 809 3646 voces
833 3585 861 3648 ei
883 3609 960 3668 quae
983 3595 1140 3659 scribenda
1162 3603 1228 3661 erat
1248 3601 1366 3664 vicinae

259 3684 504 3746 obversabantur.
540 3686 737 3748 veluti138
765 3689 797 3749 in
817 3691 962 3758 Vaticano
992 3701 1040 3760 est
1066 3703 1231 3782 tranquillo
1260 3707 1367 3767 timens

258 3805 310 3848 occ
331 3785 435 3865 froolo
463 3788 618 3850 timendus.
657 3809 766 3872 nempe
795 3793 934 3858 librarius
956 3801 1036 3862 hunc
1054 3822 1178 3866 versum
1204 3809 1366 3887 antequam

258 3889 405 3952 scriberet
431 3891 549 3968 legerat
576 3893 688 3968 istm,
719 3898 754 3956 ut
782 3900 866 3960 lomus
892 3904 971 3982 quod
998 3904 1030 3966 in
1053 3904 1204 3970 Carrionis
1230 3910 1306 3972 libro
1333 3915 1366 3974 et

256 3991 368 4054 Aldina
398 3993 527 4056 editione
556 3994 679 4057 Valerio
708 3999 858 4062 redditum
885 4005 1046 4084 habemus,
1081 4031 1260 4092 quamquam
1290 4017 1363 4077 ante

256 4096 405 4160 dircardus
438 4097 569 4179 positum
597 4100 658 4172 est,
686 4118 722 4160 eo
750 4122 808 4180 quo
839 4107 902 4167 dixi
927 4111 1016 4173 modo
1047 4115 1196 4196 corrumpi
1223 4118 1365 4195 potuerit.

259 4198 293 4258 cf.
309 4200 532 4264 adnotationem
544 4203 676 4265 criticam
693 4204 846 4286 ad1113,
866 4213 938 4288 180,
959 4217 1031 4291 609,
1046 4219 1116 4279 769.
1126 4253 1167 4264 -
1182 4217 1199 4279 I
1214 4223 1275 4280 242
1293 4241 1364 4302 quo·
1400 4213 1403 4220 ’

258 4320 317 4380 qus
334 4304 371 4364 de
384 4307 440 4368 hoo
455 4308 644 4390 oomuptelae
661 4322 775 4388 genere
789 4314 923 4392 cogitare
937 4317 1089 4382 debebam.
1118 4323 1263 4404 tantisque
1276 4324 1364 4405 enim,

876 4512 941 4527 μ
