3086 4968
268 426 341 468 xxv1
703 428 931 470 raotnoonsstrlou

372 593 550 672 Priusquam
571 593 610 654 ad
631 593 694 656 lata
714 593 869 656 Valeriani
891 595 1031 656 carminis
1051 598 1218 660 enarranda
1239 601 1373 664 transea-

268 699 333 772 tur,
354 697 511 760 dicendum
533 698 580 757 est
602 696 640 757 de
663 697 838 776 quaestione
861 697 1013 779 explicatu
1033 699 1107 760 satis
1129 701 1250 779 difficili,
1271 707 1373 766 utrum

267 800 405 862 absoluta
429 803 460 861 et
488 801 628 881 expolita
643 801 786 862 Valerius
807 799 1014 878 Argonautica
1039 804 1210 883 reliquerit,
1236 819 1277 867 an
1298 810 1373 870 tem-

267 922 374 983 porum
397 903 506 966 iniuria
534 905 643 986 perditi
668 905 728 966 sint
755 903 824 964 libri
851 906 992 966 octavum
1015 906 1084 968 olim
1114 907 1223 969 secuti:
1251 909 1291 970 de
1314 930 1374 991 qua

169 1050 172 1055 -
267 1006 441 1086 quaestione
458 1014 546 1068 nemo
568 1009 688 1088 quidem
705 1028 801 1090 usque
821 1008 859 1068 ad
879 1009 936 1070 hoc
956 1011 1076 1090 tempus
1096 1009 1198 1072 dedita
1212 1031 1304 1093 opera
1319 1033 1372 1074 ex-

266 1110 375 1189 posuit,
398 1129 501 1172 omnes
523 1114 625 1174 tamen
648 1131 667 1174 a
686 1111 825 1192 Baptista
845 1111 897 1174 Pio
916 1115 947 1172 et
968 1111 1058 1174 Petro
1082 1111 1197 1176 Crinito
1219 1115 1270 1192 (de
1292 1119 1372 1195 poet

265 1212 316 1274 lat
338 1213 387 1274 lib.
405 1213 453 1276 IV
468 1207 542 1296 icap.
567 1217 621 1294 66)
654 1216 847 1296 smnpserunt
881 1213 980 1292 magis
1010 1233 1100 1294 quam
1131 1219 1221 1279 certis
1250 1219 1371 1280 rationi-

265 1316 322 1377 bus
350 1317 607 1394 demonstrarunt,
635 1338 694 1378 non
718 1318 840 1378 licuisse
867 1320 975 1397 poetae
997 1337 1072 1398 opus
1101 1339 1189 1381 suum
1216 1322 1371 1402 perficere,

265 1420 398 1500 perlecto
428 1423 597 1482 extremum
623 1419 808 1502 perpoliendi
835 1420 968 1480 laborem
997 1421 1146 1481 adhibere.
1185 1441 1274 1502 quam
1301 1445 1369 1486 sen-

264 1523 390 1584 tentiam
423 1527 458 1585 ut
486 1525 738 1605 amplecterentur
765 1523 899 1584 homines
929 1523 1009 1584 docti
1038 1524 1169 1584 1111111111
1192 1525 1370 1596 Quintiliani

264 1627 435 1688 testimonio
454 1630 528 1690 moti
548 1632 634 1705 sunt,
655 1629 782 1690 multum
800 1626 833 1686 in
851 1625 974 1688 Valerio
995 1625 1104 1688 Flacco
1123 1626 1275 1690 Romanos
1296 1631 1369 1692 ami-

265 1732 357 1808 sisse;
379 1733 411 1794 in
432 1752 499 1793 eam
521 1733 601 1794 enim
622 1735 739 1813 partem
759 1730 791 1792 id
809 1728 1001 1810 accipiebant,
1021 1731 1057 1789 ut
1079 1729 1297 1798 Quintilianum
1316 1735 1375 1796 do·'

264 1837 363 1898 cuisse
384 1836 601 1912 existimarent,
621 1836 813 1916 praematura
831 1835 928 1894 morte
951 1834 1072 1911 poetam
1093 1832 1269 1913 impeditum
1289 1857 1367 1916 esse,

264 1942 421 2020 quominus
458 1959 533 2020 opus
569 1938 721 2018 inceptum
755 1937 792 1998 ad
822 1935 912 1996 finem
940 1933 1126 2014 perduceret
1165 1937 1240 2000 haec
1266 1942 1367 2002 tamen

262 2044 448 2106 ratiocinatio
474 2061 562 2125 quam
588 2042 665 2102 salsa
692 2040 745 2118 sit,
774 2039 811 2100 iis
841 2057 918 2118 quae
946 2039 984 2100 de
1013 2039 1113 2098 aetate
1135 2039 1251 2104 Valerii
1273 2062 1366 2124 supra

262 2146 389 2225 exposui
417 2148 551 2226 apparet.
593 2163 663 2205 nam
692 2144 718 2203 si
737 2161 845 2203 verum
868 2143 930 2217 est,
954 2143 1075 2221 poetam
1102 2160 1179 2204 anno
1203 2147 1364 2225 septuage-

263 2249 337 2310 simo
361 2249 456 2329 primo
477 2268 505 2328 p.
524 2247 555 2311 0.
567 2267 595 2308 n
611 2245 817 2326 Argonautica
838 2244 1026 2326 auspicatum
1047 2263 1130 2324 esse,
1153 2247 1263 2312 obiisse
1284 2249 1366 2312 intra

261 2370 356 2412 annos
377 2351 593 2430 octogesimum
613 2354 751 2412 octavum
774 2352 805 2410 et
824 2347 1060 2426 nonagesimum,
1081 2349 1261 2429 perficiendo
1281 2354 1365 2434 operi

261 2455 342 2532 quod
363 2453 436 2514 satis
465 2458 548 2515 esset
575 2457 695 2534 tempus
722 2473 782 2514 non
802 2453 904 2514 defuit
942 2452 1156 2514 altercantem
1177 2471 1283 2529 causa,
1304 2474 1365 2534 qua

260 2556 426 2637 inperfecta
443 2557 630 2616 habebantur
643 2555 857 2635 Argonautica,
880 2555 992 2616 firmior
1014 2558 1063 2616 est
1083 2559 1115 2617 et
1135 2556 1232 2636 magis
1247 2557 1363 2620 idonea.

261 2659 342 2720 haud
368 2659 456 2739 pauci
482 2659 562 2719 enim
585 2679 692 2721 versus
720 2662 809 2739 atque
837 2657 996 2738 ampliores
1021 2656 1111 2718 ctiam
1132 2660 1271 2722 carminis
1295 2681 1363 2741 par-

260 2768 308 2824 tes
329 2763 372 2824 ita
393 2765 581 2843 comparatae
602 2767 688 2838 sunt,
710 2765 745 2824 ut
766 2761 838 2843 quin
857 2760 992 2822 ultimam
1013 2760 1114 2822 limam
1135 2767 1225 2843 posta
1246 2764 1283 2826 iis
1303 2785 1363 2826 non

260 2866 430 2926 adhibuerit
450 2869 581 2946 nequeat
604 2864 741 2927 dubitari.
778 2867 869 2943 atque
892 2865 971 2924 huno
989 2863 1087 2924 locum
1109 2864 1168 2926 iam
1188 2867 1261 2928 mihi
1274 2867 1363 2930 video

260 2970 428 3032 accuratius
450 2970 638 3030 tractandum
660 2989 736 3030 esse.

361 3071 408 3134 Ac
425 3073 554 3152 primum
576 3073 695 3151 quidem
716 3073 832 3133 duobus
849 3071 923 3132 locis
945 3071 1051 3132 eadem
1069 3091 1193 3152 prorsus
1213 3074 1363 3146 sententIa

260 3177 377 3238 dnobus
396 3177 535 3237 versibus
557 3195 704 3256 expressa
724 3178 772 3236 est
793 3177 854 3236 tam
868 3174 1013 3236 similibus
1029 3175 1109 3235 inter
1132 3195 1175 3251 se,
1193 3179 1237 3252 ut,
1258 3178 1362 3238 ambos

259 3283 379 3360 poetam
402 3281 493 3341 edere
513 3279 645 3341 voluisse
667 3297 735 3339 oum
756 3278 838 3338 nullo
861 3279 948 3340 modo
971 3279 1053 3340 credi
1077 3281 1186 3360 possit,
1207 3281 1238 3342 id
1254 3281 1362 3360 ‚potius

258 3403 331 3444 vero
355 3383 494 3443 videatur
515 3383 710 3460 simillimum,
739 3402 807 3443 eum
833 3385 903 3443 ante
925 3401 1015 3461 quam
1035 3382 1138 3444 oderat
1159 3402 1280 3445 carmen
1300 3404 1362 3446 me-

259 3488 363 3548 liorem
385 3507 426 3548 ex
446 3487 505 3547 illis
534 3486 700 3546 electurum
720 3485 822 3546 fuisse.
865 3485 997 3546 locorum
1020 3488 1122 3546 autem
1140 3486 1259 3548 illorum
1281 3488 1363 3567 prior

259 3593 308 3650 est
336 3590 367 3649 in
390 3590 466 3650 libro
496 3571 616 3666 quinto,
644 3587 695 3648 ubi
718 3590 929 3663 (56511566)
951 3589 982 3648 hi
1010 3609 1119 3649 versus
1150 3611 1183 3650 se
1208 3591 1363 3670 excipiunt

258 3693 357 3774 qualis
383 3694 418 3754 15
449 3691 561 3753 Oreuco
588 3691 717 3754 1111111111
743 3691 851 3752 chorus
878 3692 996 3753 11111111
1022 3694 1123 3768 veslit,
1151 3695 1291 3774 qualibus
1311 3694 1362 3754 ud

257 3815 382 3877 11119111
404 3813 577 3857 1111111111
598 3796 729 3874 cispitur
751 3796 857 3870 ostris,
877 3813 1002 3874 quorum
1021 3796 1097 3856 alter
1118 3794 1231 3858 Bulaeo
1249 3797 1309 3858 iam
1330 3799 1363 3858 et

258 3900 383 3961 Heinsio
405 3899 562 3978 suspectus
585 3897 655 3957 mit:
683 3915 861 3978 quamquam
881 3898 932 3958 ille
954 3917 1019 3958 rem
1038 3916 1093 3958 acu
1118 3899 1255 3978 tetigisse
1278 3898 1361 3960 vide*

259 4007 317 4077 tur,
337 4023 404 4063 oum
425 4020 494 4061 eum
514 4019 532 4060 a
553 4002 643 4081 poeta
663 3999 795 4060 additum
818 4019 886 4060 esse
906 4001 991 4076 dixit,
1014 4004 1049 4064 ut
1064 4001 1229 4081 eligeretur
1244 4005 1360 4082 postea,

258 4110 327 4168 uter
349 4108 431 4166 esset
452 4104 572 4177 melior;
599 4122 668 4162 nam
696 4103 863 4180 elegantior
884 4107 932 4164 est
954 4104 1001 4164 hic
1022 4124 1130 4165 versus
1159 4123 1248 4185 quam
1271 4105 1321 4184 qui
1342 4124 1362 4164 a

257 4210 376 4270 falsario
399 4209 549 4291 proiectus
571 4227 639 4268 esse
661 4208 790 4287 putetur.
813 4241 854 4250 -
877 4208 986 4268 certior
1008 4207 1098 4268 etiam
1113 4228 1163 4268 res
1179 4209 1271 4270 estin
1285 4208 1360 4270 libro

259 4313 387 4393 septimo
417 4312 501 4373 cuius
527 4331 650 4373 versum
678 4310 915 4372 ducentesimum
944 4310 1072 4391 primum
1099 4314 1152 4376 hoc
1176 4314 1265 4387 11111,
1294 4314 1360 4394 apsa
