3110 4972
252 410 296 479 94
675 436 699 478 o.
713 435 823 478 vuum
838 436 936 478 rancor

336 586 421 648 illum
442 605 546 648 omnes
567 587 697 650 lacrimis
718 588 902 670 maestisque
924 609 1083 672 reposcere
1104 591 1195 668 votis,

341 691 506 772 incertique
527 694 611 754 metu
632 712 712 755 nunc
733 695 840 773 longas
863 694 951 759 litore
972 713 1063 756 vocas
1167 697 1172 710 '

339 814 484 876 spargere
505 815 585 858 nuuc
606 797 683 859 aeris
706 798 866 860 ostendere
885 798 1023 860 noctibus
1044 798 1141 878 ignes.

337 899 402 980 ipse
426 898 474 959 vol
498 901 611 962 excelsi
633 919 700 961 cum
722 901 818 962 densa
839 900 959 964 silentia
980 903 1091 965 montis

337 1005 433 1065 strata
454 1005 505 1064 vel
526 1004 636 1066 oblatis
657 1003 764 1067 ductor
784 1006 868 1068 videt
889 1023 1020 1085 aequore
1041 1005 1124 1068 veut'
1294 1012 1356 1071 605

339 1111 399 1171 atat
419 1108 579 1171 lacrimans
599 1127 769 1189 magnoque
790 1109 849 1171 viri
871 1112 1029 1172 cunctatur
1049 1129 1158 1172 amore.

336 1211 418 1274 illius
439 1210 575 1275 incessus
594 1213 782 1294 habilemque
803 1213 842 1275 ad
863 1216 952 1294 terga
973 1214 1155 1295 pharetram,

335 1315 420 1378 iilum
442 1316 521 1378 inter
542 1335 683 1397 proceres
704 1319 897 1398 maestaeque
921 1317 1040 1380 silentia
1060 1337 1183 1381 mensae

338 1418 455 1500 quaerit
477 1420 564 1502 inops
586 1421 734 1502 quondam
756 1421 871 1500 ingenti
894 1440 1061 1503 conprensa
1081 1423 1251 1486 trahentem

338 1525 408 1586 vina
429 1543 519 1586 manu
541 1526 573 1585 et
594 1523 689 1585 durae
710 1525 891 1587 referentem
909 1528 1044 1588 monstra
1066 1545 1221 1590 novercae.
1293 1533 1357 1590 610

400 1657 465 1723 Nec
488 1658 593 1720 minus.
608 1659 723 1721 interce
744 1659 874 1721 crudelis
894 1657 1007 1739 iapyga
1026 1656 1102 1720 Iuno

337 1763 462 1826 adsidua
484 1765 586 1825 movet
608 1765 640 1824 et
661 1764 765 1844 primis
787 1784 855 1826 cum
878 1764 991 1824 solibus
1013 1760 1107 1825 offert.

336 1870 455 1949 iamque
476 1885 578 1928 morae
599 1865 748 1948 inpatiens
771 1869 948 1930 cunctantes
969 1866 1105 1948 increpat
1125 1885 1218 1929 ansus

336 1969 453 2053 Tiphys
476 1973 507 2032 et
528 1971 627 2032 oblato
649 1974 752 2033 monet
774 1971 834 2034 otia
855 1989 995 2052 rumpere
1016 1989 1115 2032 cursu.

334 2094 409 2154 ergo
428 2073 559 2135 animum
580 2073 679 2136 flexus
701 2073 788 2136 dictis
805 2073 945 2136 instantis
967 2071 1059 2135 Iason
1290 2079 1352 2137 615

335 2177 472 2240 concedit
491 2176 646 2259 sociosque
664 2177 752 2239 simul
774 2177 817 2240 sic
840 2179 920 2240 fatur
942 2176 980 2239 ad
1001 2197 1119 2241 omnes:

331 2274 362 2344 ‘o
384 2282 515 2358 utinam,
537 2279 686 2364 Scythicis
710 2289 859 2347 struerem
881 2303 948 2346 cum
967 2283 1073 2344 fircera
1095 2282 1194 2358 terris,

334 2407 396 2450 vox
415 2384 487 2447 mihi
508 2385 650 2448 mentitas
670 2387 774 2450 tulerit
793 2385 937 2450 Parnasia
958 2389 1066 2462 sortes,

336 2490 455 2571 agmine
477 2489 514 2550 de
534 2492 618 2552 tanto
642 2491 754 2554 socium
772 2491 823 2572 qui
844 2491 993 2554 maximus
1015 2491 1108 2552 armis

334 2594 467 2670 adforet,
489 2592 569 2654 hunc
589 2594 673 2656 Iovis
694 2595 827 2676 imperiis
847 2597 970 2676 ratoque
991 2594 1088 2657 tenen
1290 2600 1354 2657 620

334 2699 404 2760 ante
424 2697 623 2778 procellosum
645 2698 775 2780 scopulis
799 2697 967 2760 errantibus
990 2717 1110 2779 aequor.

333 2802 461 2864 necdum
482 2802 563 2864 fama
585 2803 643 2864 riri
664 2821 721 2865 nec
742 2802 851 2864 certior
871 2801 974 2865 extitit
993 2804 1104 2865 auctor.

333 2926 440 2968 verum
462 2905 543 2986 agite
564 2909 611 2984 et,
635 2907 733 2970 dubiis
754 2908 873 2970 remant
895 2907 964 2990 quia
983 2909 1106 2988 pectora
1127 2905 1216 2984 curis,

333 3009 479 3072 consulite
501 3013 548 3088 et,
569 3011 659 3072 motis
682 3031 737 3074 seu
757 3031 815 3074 vos
834 3011 884 3110 via
906 3011 1026 3075 flatibus
1050 3014 1170 3091 urguet,

351 3287 401 3335 601
420 3284 567 3351 meritisque
584 3286 742 3334 Bmsoauuac
835 3287 885 3336 602
904 3284 985 3348 longo
1002 3285 1064 3334 idem
1131 3282 1222 3334 litorae
1245 3283 1271 3336 V

247 3428 297 3474 606
318 3381 482 3476 osteudemV
572 3426 623 3474 604
641 3421 766 3474 condensa
784 3424 809 3474 P
893 3428 943 3476 606
964 3423 1059 3489 optatis
1074 3423 1196 3474 Edonus
1264 3380 1354 3472 ddctor

251 3564 276 3614 V
344 3566 393 3613 606
411 3519 535 3626 πι6ἒ6666
552 3559 578 3612 V
626 3565 757 3614 cunctatus
776 3565 869 3613 adlata
882 3571 941 3625 post
958 3577 1043 3614 amora
1059 3563 1256 3626 interpunctiom
1272 3562 1353 3610 Hein-

248 3650 300 3697 a'uc
369 3661 454 3697 amore
472 3648 534 3697 Pm:
552 3647 633 3697 amori
648 3649 673 3699 V
756 3649 853 3701 60716
870 3651 895 3700 P
976 3650 1145 3721 6061168666
1163 3663 1263 3699 mensae
1280 3649 1305 3698 P

247 3737 298 3785 609
317 3731 407 3789 Querit
427 3733 452 3783 V
518 3747 666 3797 comprensa
683 3736 824 3786 trahentem
842 3736 875 3786 Μ
879 3749 889 3786 .·
905 3738 1073 3801 conpensatra
1088 3735 1138 3788 lete
1157 3735 1188 3796 V,
1205 3747 1354 3799 comprensa

246 3818 336 3871 tralete
352 3819 389 3880 P,
413 3831 556 3882 compressa
580 3820 720 3870 trahentem
738 3821 759 3870 0
861 3824 911 3872 610
929 3819 995 3871 Bina
1014 3823 1039 3872 P
1110 3821 1186 3872 durae
1204 3819 1267 3871 Mc:
1291 3817 1354 3866 dura

252 3960 310 4019 VP,
336 3956 407 4008 dirae
426 3958 488 4008 Boo.
578 3962 628 4008 613
651 3958 784 4024 inpaciens
801 3961 827 4012 V
890 3918 965 4010 austus
984 3961 1009 4010 P
1030 3960 1057 4023 (a
1072 3963 1128 4011 add.
1149 3975 1181 4012 m.
1197 3959 1268 4026 pn),
1293 3973 1352 4009 aus·

246 4046 300 4093 tros
327 4044 365 4093 ccl
389 4055 463 4094 auras
484 4045 652 4096 Burmannus,
687 4041 773 4096 ‘ausus
800 4062 851 4098 non
879 4039 1001 4109 intollcpo’
1027 4045 1200 4108 Peerlkampua
1225 4048 1259 4096 ad
1277 4046 1350 4110 Vcrp.

246 4128 426 4180 1166611861
533 4135 584 4182 614
602 4134 688 4182 mouet
711 4132 737 4183 V
819 4136 869 4182 616
887 4131 972 4195 Aegra
987 4131 1109 4181 11666666
1198 4136 1249 4184 619
1269 4131 1353 4182 socius

246 4217 280 4266 Π
396 4221 446 4268 662
464 4217 578 4269 Necdum
596 4219 658 4268 ltro:
681 4217 781 4268 Nedum
805 4218 830 4268 V
941 4219 991 4265 666
1016 4215 1116 4266 variant
1139 4217 1199 4282 quia
1217 4219 1354 4268 Baianas:

245 4300 348 4350 uniunt
363 4302 407 4366 qui
419 4305 451 4364 V,
470 4305 571 4354 amicat
585 4305 629 4370 qui
648 4304 775 4365 ΗΜ,
793 4301 894 4353 variam
909 4301 965 4366 quis
980 4303 1058 4363 Bra,
1074 4301 1164 4368 quihus
1182 4301 1290 4354 auxiat'

246 4390 297 4438 624
312 4385 435 4438 consulite
453 4398 491 4456 ap:
509 4388 624 4441 consulit
645 4390 692 4443 VP

733 4735 745 4770 Ι

482 4804 899 4928 Α
