3086 4968
261 441 374 486 mm
706 441 936 484 nomenmou

265 612 331 674 eius
359 613 482 672 secutus
515 629 590 672 sum
623 608 675 671 ubi
700 609 888 672 coniecturas
917 611 971 670 aut
995 608 1120 672 aliorum
1149 612 1203 672 ant
1221 621 1306 676 mea's
1324 632 1373 678 re-

265 713 348 796 cepi,
370 713 401 772 in
418 712 610 774 adnotatione
631 712 663 774 id
685 711 869 792 significaui3
890 730 1069 793 quamquam
1088 713 1204 776 leviora
1223 714 1374 780 scribendi

264 815 340 879 vitia
358 816 391 877 in
411 813 558 877 Vaticano
577 815 665 877 obvia
688 813 754 896 quis
775 815 890 896 primus
911 815 1074 878 correxerit
1093 834 1153 879 non
1180 816 1251 880 dixi
1284 835 1373 900 prae-

266 923 352 983 terea
374 919 445 982 dedi
466 917 618 982 (laurionis
637 918 705 980 libri
727 918 892 999 scripturas
910 935 1031 996 omnes,
1051 915 1248 982 Bononiensis
1268 921 1373 986 edltic·

265 1023 330 1101 nis,
356 1021 498 1099 Aldinae,
528 1021 679 1086 Carrionis
706 1021 887 1103 exemplaris
912 1021 1058 1084 lectiones
1085 1023 1214 1104 protuli,
1242 1025 1294 1088 ubi
1321 1026 1375 1088 rel

266 1125 305 1186 ad
335 1126 555 1190 emendandum
575 1124 731 1188 Valerium
758 1125 810 1185 vel
837 1124 874 1185 ad
903 1125 1127 1204 cognoscendos
1149 1126 1374 1208 depravationis

266 1229 380 1309 gradm
416 1229 527 1311 aliquid
554 1229 624 1291 inde
653 1226 791 1290 utilitatis
826 1227 995 1290 redundare
1024 1227 1190 1292 videbatur.
1233 1232 1375 1294 Vaticani

267 1335 368 1408 1613,
394 1332 426 1394 in
447 1331 523 1395 libro
544 1333 676 1394 secundo
697 1330 889 1394 Ottoboniani
909 1351 1028 1413 qnoque
1050 1332 1215 1414 scripturas
1235 1333 1373 1416 integras

265 1434 335 1496 dedi
348 1435 396 1514 (cf.
410 1453 479 1516 pag.
494 1434 656 1512 LXVIII),
672 1435 704 1497 in
718 1433 908 1496 Monacensis
921 1431 1100 1498 testimoniis
1112 1437 1271 1502 laudandis
1283 1458 1375 1519 quam

265 1539 412 1602 rationem
433 1541 558 1603 secutus
579 1540 637 1600 sim
658 1555 751 1620 supra
771 1538 884 1600 dictum
906 1540 954 1600 est
968 1539 1049 1620 (pag.
1064 1538 1193 1620 LXIV).
1229 1541 1260 1605 in
1281 1543 1375 1606 rebus

267 1642 503 1723 orthographicis
517 1643 698 1704 Vaticanum
722 1646 806 1704 3277
829 1643 1007 1724 plerumque
1028 1646 1151 1706 secutus
1168 1665 1249 1721 sum;
1272 1663 1375 1727 quam-

268 1763 357 1826 quam
378 1763 445 1808 eam
466 1765 543 1827 quae
565 1747 614 1808 est
642 1746 675 1807 in
697 1746 823 1826 singulis
844 1745 946 1807 verbis
968 1747 1134 1809 scribendis
1161 1749 1194 1809 in
1220 1750 1277 1812 boc
1297 1749 1375 1812 libro

266 1848 496 1912 inconstantiam
522 1867 582 1911 non
609 1849 720 1931 ubique
752 1848 883 1924 reddidi,
914 1849 969 1911 sed
998 1869 1065 1912 eam
1095 1851 1274 1933 scripturam
1304 1853 1376 1916 dedi

267 1969 344 2033 quae
372 1957 404 2016 et
437 1953 549 2016 maiore
578 1953 786 2034 exemplorum
812 1969 937 2014 numero
971 1955 1003 2014 et
1031 1953 1157 2017 aliorum
1187 1956 1376 2037 antiquorum

268 2054 401 2117 codicum
423 2057 640 2119 consuetudine
664 2055 934 2118 commendabatur.

717 2247 921 2258 ....----.--

707 2417 839 2482 CAPUT
877 2417 936 2480 111.

368 2554 461 2617 Haud
487 2556 575 2637 pauci
602 2559 766 2637 supersunt
784 2575 894 2618 versus
916 2575 1043 2634 quorum
1064 2561 1118 2620 aut
1138 2559 1299 2640 explicatio
1323 2566 1378 2625 aut

270 2659 437 2720 emendatio
458 2659 627 2732 uberiorem
653 2659 710 2722 sibi
731 2659 849 2738 flagitat
875 2677 1034 2720 causarum
1060 2662 1277 2742 expositionem
1305 2685 1378 2747 quo·

269 2779 395 2841 rumque
422 2763 644 2826 tractandorum
673 2762 770 2831 adhuc
791 2781 850 2822 non
873 2763 922 2824 est
951 2763 1052 2826 oblata
1072 2766 1289 2846 opportunitas.
1321 2787 1377 2840 ‚eos

132 2870 137 2878 “
269 2863 327 2926 hoc
348 2865 445 2945 capite
468 2865 725 2947 comprehendam

371 2966 435 3030 Lib.
456 2968 557 3030 1442
580 2971 718 3045 eadmero,
740 2969 885 3032 librorum
907 2967 1127 3045 testimonium,
1147 2969 1300 3034 Heinsius·
1314 2990 1378 3034 aor-

269 3071 392 3151 ruptum
411 3091 480 3133 esse
498 3072 606 3134 videns
627 3076 680 3134 aut
702 3073 844 3136 celebrem
862 3075 916 3134 aut
936 3072 1048 3134 scelus!
1073 3074 1107 3134 ia
1126 3074 1289 3154 proposuit
1322 3076 1379 3138 sed

269 3177 499 3256 utrumcumque
518 3176 677 3257 receperis,
694 3178 845 3237 mortuum
867 3195 935 3236 esse
952 3175 1042 3256 Iphin
1062 3175 1094 3236 in
1108 3172 1249 3238 Colchide
1271 3195 1379 3259 parum

271 3279 399 3342 dilucide
422 3279 621 3361 significatum
642 3279 716 3355 erit,
742 3280 779 3339 nt
799 3278 915 3340 mittam
937 3279 1079 3342 celebrem
1100 3297 1193 3361 supra
1214 3298 1303 3360 quam
1321 3279 1380 3342 dici

272 3383 370 3462 possit
399 3384 552 3464 languere.
599 3385 702 3463 itaque
735 3383 863 3443 aunem
893 3381 1014 3462 scripsi,
1054 3400 1143 3462 quam
1179 3382 1379 3444 coniecturam

274 3483 376 3548 Ovidii
396 3506 488 3548 versu
511 3489 590 3564 (met
606 3484 686 3548 VIII
702 3484 778 3560 496)
793 3501 844 3545 voe
865 3486 940 3546 einis
964 3489 1093 3568 exspuas
1112 3485 1287 3568 patulaeque
1305 3472 1387 3566 iace--

274 3587 344 3650 esea
370 3591 492 3652 umbrae
522 3589 596 3650 satis
624 3587 743 3649 defendi
766 3585 914 3647 existimo.
945 3621 987 3630 —-
1018 3589 1080 3649 445
1107 3589 1214 3671 pendit
1241 3588 1382 3671 Baptista

274 3683 345 3750 Pius
364 3691 509 3771 explicuit
529 3692 642 3753 dictum
663 3709 732 3752 esse
749 3709 804 3771 pro
825 3691 885 3752 tuit
908 3689 959 3750 vel
980 3690 1031 3752 dot
1044 3712 1170 3774 poerros:
1201 3711 1381 3774 quamquam

275 3794 355 3856 euim
370 3795 500 3878 peredere
514 3815 627 3880 poenus
647 3793 787 3856 usitatius
812 3793 864 3873 sit,
891 3793 964 3854 nibil
982 3797 1084 3856 tamen
1105 3797 1242 3874 obstare,
1268 3797 1381 3878 quomi-

275 3917 333 3960 nus
353 3897 494 3982 pendere,
524 3917 543 3960 a
563 3901 653 3978 poeta
673 3896 868 3979 praesertim,
893 3896 1068 3978 simpliciter
1087 3900 1211 3962 dicatur.
1247 3900 1381 3982 adstipu-

275 4003 355 4065 latus
383 4003 432 4063 est
451 4002 504 4064 Pio
525 3999 734 4076 Burmannus,
762 3999 916 4062 adversati
942 4003 1014 4062 sunt
1036 4001 1295 4083 Eyssenhardtiur
1319 4003 1349 4082 (l.
1363 4003 1380 4063 l.

276 4129 303 4188 p.
326 4108 401 4186 382)
429 4107 461 4168 et
481 4104 628 4182 liechies,
656 4123 781 4186 quorum
802 4101 853 4164 ille
873 4105 975 4188 paseat
999 4105 1172 4186 proposuit,
1200 4122 1381 4186 quamquam

276 4212 418 4292 pascendi
438 4211 565 4274 verbum
586 4206 760 4290 simpliciter
781 4206 911 4287 positum
931 4226 991 4268 non
1011 4206 1109 4268 minus
1132 4207 1308 4272 inusitatum
1324 4211 1381 4290 est

276 4315 324 4375 hic
344 4317 442 4393 seori,
463 4314 541 4394 quod
557 4313 582 4374 si
598 4310 682 4374 libris
696 4308 838 4374 traditum
852 4312 935 4372 esset
953 4309 1149 4391 suspitionem
1164 4330 1223 4374 non
1238 4315 1382 4375 moveret.

471 4638 1127 4936 ”aa
