<?xml version="1.0" encoding="UTF-8"?>
<!DOCTYPE html PUBLIC "-//W3C//DTD XHTML 1.0 Transitional//EN"
    "http://www.w3.org/TR/xhtml1/DTD/xhtml1-transitional.dtd">
<html xmlns="http://www.w3.org/1999/xhtml" xml:lang="en" lang="en">
 <head>
  <title>
</title>
<meta http-equiv="Content-Type" content="text/html;charset=utf-8" />
  <meta name='ocr-system' content='tesseract 3.04.00' />
  <meta name='ocr-capabilities' content='ocr_page ocr_carea ocr_par ocr_line ocrx_word'/>
</head>
<body>
  <div class='ocr_page' id='page_1' title='image "./argonaviticonli00flacgoog_0099.png"; bbox 0 0 3086 4968; ppageno 0'>
   <div class='ocr_carea' id='block_1_1' title="bbox 232 436 901 482">
    <p class='ocr_par' dir='ltr' id='par_1_1' title="bbox 232 436 901 482">
     <span class='ocr_line' id='line_1_1' title="bbox 232 436 901 482; baseline 0 -2"><span class='ocrx_word' id='word_1_1' title='bbox 232 436 294 482; x_wconf 75' lang='lat'>1011</span> <span class='ocrx_word' id='word_1_2' title='bbox 674 437 901 482; x_wconf 59' lang='lat' dir='ltr'>PEOLEGOMMION</span> 
     </span>
    </p>
   </div>
   <div class='ocr_carea' id='block_1_2' title="bbox 230 591 1344 1212">
    <p class='ocr_par' dir='ltr' id='par_1_2' title="bbox 230 591 1344 1212">
     <span class='ocr_line' id='line_1_2' title="bbox 238 591 1344 686; baseline -0.001 -17"><span class='ocrx_word' id='word_1_3' title='bbox 238 641 241 652; x_wconf 89' lang='lat'>.</span> <span class='ocrx_word' id='word_1_4' title='bbox 321 593 894 686; x_wconf 74' lang='lat' dir='ltr'>·Ad1ib.&#39;lveehanenormltt(ad</span> <span class='ocrx_word' id='word_1_5' title='bbox 916 591 1344 683; x_wconf 57' lang='lat' dir='ltr'>Obarit‘V&#39;dtaonieotn&#39;rem</span> 
     </span>
     <span class='ocr_line' id='line_1_3' title="bbox 232 705 1342 789; baseline 0 -19"><span class='ocrx_word' id='word_1_6' title='bbox 232 709 368 789; x_wconf 79' lang='lat' dir='ltr'>proferre</span> <span class='ocrx_word' id='word_1_7' title='bbox 390 709 550 774; x_wconf 75' lang='lat' dir='ltr'>debebam:</span> <span class='ocrx_word' id='word_1_8' title='bbox 578 711 633 773; x_wconf 81' lang='lat' dir='ltr'>tor</span> <span class='ocrx_word' id='word_1_9' title='bbox 658 729 761 773; x_wconf 77' lang='lat' dir='ltr'>nemus</span> <span class='ocrx_word' id='word_1_10' title='bbox 788 709 846 770; x_wconf 82' lang='lat' dir='ltr'>beu</span> <span class='ocrx_word' id='word_1_11' title='bbox 866 705 948 785; x_wconf 75' lang='lat' dir='ltr'>fote</span> <span class='ocrx_word' id='word_1_12' title='bbox 977 707 1057 769; x_wconf 73' lang='lat' dir='ltr'>mur·</span> <span class='ocrx_word' id='word_1_13' title='bbox 1078 709 1141 769; x_wconf 84' lang='lat' dir='ltr'>tum</span> <span class='ocrx_word' id='word_1_14' title='bbox 1161 706 1276 771; x_wconf 84' lang='lat' dir='ltr'>domur.</span> <span class='ocrx_word' id='word_1_15' title='bbox 1302 743 1342 754; x_wconf 84' lang='lat'>—-</span> 
     </span>
     <span class='ocr_line' id='line_1_4' title="bbox 235 803 1341 896; baseline 0.001 -24"><span class='ocrx_word' id='word_1_16' title='bbox 235 815 297 874; x_wconf 85' lang='grc'>167</span> <span class='ocrx_word' id='word_1_17' title='bbox 319 814 424 896; x_wconf 80' lang='lat' dir='ltr'>torpes</span> <span class='ocrx_word' id='word_1_18' title='bbox 439 813 661 893; x_wconf 86' lang='lat' dir='ltr'>intellegendus</span> <span class='ocrx_word' id='word_1_19' title='bbox 684 815 732 876; x_wconf 90' lang='lat' dir='ltr'>est</span> <span class='ocrx_word' id='word_1_20' title='bbox 745 810 855 873; x_wconf 87' lang='lat' dir='ltr'>Otreos</span> <span class='ocrx_word' id='word_1_21' title='bbox 872 809 985 870; x_wconf 86' lang='lat' dir='ltr'>smious</span> <span class='ocrx_word' id='word_1_22' title='bbox 1001 809 1032 870; x_wconf 91' lang='grc' dir='ltr'>ιιι</span> <span class='ocrx_word' id='word_1_23' title='bbox 1044 803 1195 892; x_wconf 81' lang='lat' dir='ltr'>Bebrycia</span> <span class='ocrx_word' id='word_1_24' title='bbox 1210 811 1341 874; x_wconf 83' lang='lat' dir='ltr'>relietns.</span> 
     </span>
     <span class='ocr_line' id='line_1_5' title="bbox 232 906 1344 996; baseline 0 -20"><span class='ocrx_word' id='word_1_25' title='bbox 232 906 325 976; x_wconf 42' lang='lat' dir='ltr'>euius*</span> <span class='ocrx_word' id='word_1_26' title='bbox 337 935 447 977; x_wconf 90' lang='lat' dir='ltr'>nornen</span> <span class='ocrx_word' id='word_1_27' title='bbox 469 933 536 978; x_wconf 87' lang='lat' dir='ltr'>oum</span> <span class='ocrx_word' id='word_1_28' title='bbox 557 917 588 978; x_wconf 92' lang='lat' dir='ltr'>in</span> <span class='ocrx_word' id='word_1_29' title='bbox 608 917 747 980; x_wconf 81' lang='lat' dir='ltr'>versibus</span> <span class='ocrx_word' id='word_1_30' title='bbox 770 918 833 976; x_wconf 90' lang='grc'>160</span> <span class='ocrx_word' id='word_1_31' title='bbox 848 933 912 994; x_wconf 92' lang='lat' dir='ltr'>sqq.</span> <span class='ocrx_word' id='word_1_32' title='bbox 932 931 993 974; x_wconf 93' lang='lat' dir='ltr'>non</span> <span class='ocrx_word' id='word_1_33' title='bbox 1015 916 1277 976; x_wconf 79' lang='lat' dir='ltr'>commemoratum</span> <span class='ocrx_word' id='word_1_34' title='bbox 1292 915 1344 996; x_wconf 86' lang='lat' dir='ltr'>sit,¹</span> 
     </span>
     <span class='ocr_line' id='line_1_6' title="bbox 230 1015 1341 1101; baseline 0.001 -23"><span class='ocrx_word' id='word_1_35' title='bbox 230 1015 390 1080; x_wconf 87' lang='lat' dir='ltr'>Heinsium</span> <span class='ocrx_word' id='word_1_36' title='bbox 415 1018 579 1101; x_wconf 69' lang='lat' dir='ltr'>Dymantis</span> <span class='ocrx_word' id='word_1_37' title='bbox 608 1019 790 1082; x_wconf 74' lang='lat' dir='ltr'>scribentem</span> <span class='ocrx_word' id='word_1_38' title='bbox 818 1015 905 1097; x_wconf 89' lang='lat' dir='ltr'>sequi</span> <span class='ocrx_word' id='word_1_39' title='bbox 931 1034 991 1078; x_wconf 95' lang='lat' dir='ltr'>non</span> <span class='ocrx_word' id='word_1_40' title='bbox 1021 1017 1118 1079; x_wconf 90' lang='lat' dir='ltr'>debui.</span> <span class='ocrx_word' id='word_1_41' title='bbox 1161 1017 1242 1079; x_wconf 88' lang='lat' dir='ltr'>aliud</span> <span class='ocrx_word' id='word_1_42' title='bbox 1269 1017 1341 1098; x_wconf 90' lang='lat' dir='ltr'>quid</span> 
     </span>
     <span class='ocr_line' id='line_1_7' title="bbox 230 1115 1342 1212; baseline 0.002 -32"><span class='ocrx_word' id='word_1_43' title='bbox 230 1119 306 1182; x_wconf 83' lang='lat' dir='ltr'>latet</span> <span class='ocrx_word' id='word_1_44' title='bbox 320 1115 358 1181; x_wconf 85' lang='lat' dir='ltr'>in</span> <span class='ocrx_word' id='word_1_45' title='bbox 379 1123 520 1212; x_wconf 78' lang='lat' dir='ltr'>oonupto</span> <span class='ocrx_word' id='word_1_46' title='bbox 536 1121 683 1184; x_wconf 83' lang='lat' dir='ltr'>hbrorum</span> <span class='ocrx_word' id='word_1_47' title='bbox 697 1117 868 1181; x_wconf 88' lang='lat' dir='ltr'>testimonio</span> <span class='ocrx_word' id='word_1_48' title='bbox 889 1119 967 1199; x_wconf 87' lang='lat' dir='ltr'>quod</span> <span class='ocrx_word' id='word_1_49' title='bbox 982 1121 1030 1181; x_wconf 88' lang='lat' dir='ltr'>est</span> <span class='ocrx_word' id='word_1_50' title='bbox 1042 1123 1190 1201; x_wconf 71' lang='lat' dir='ltr'>tumrutd,</span> <span class='ocrx_word' id='word_1_51' title='bbox 1210 1121 1342 1182; x_wconf 84' lang='lat' dir='ltr'>fortasse</span> 
     </span>
    </p>
   </div>
   <div class='ocr_carea' id='block_1_3' title="bbox 229 1217 1407 4402">
    <p class='ocr_par' dir='ltr' id='par_1_3' title="bbox 229 1217 1407 4295">
     <span class='ocr_line' id='line_1_8' title="bbox 231 1217 1343 1306; baseline 0.001 -22"><span class='ocrx_word' id='word_1_52' title='bbox 231 1221 411 1284; x_wconf 69' lang='lat' dir='ltr'>adjectivum</span> <span class='ocrx_word' id='word_1_53' title='bbox 431 1223 551 1303; x_wconf 78' lang='lat' dir='ltr'><strong>aliquod</strong></span> <span class='ocrx_word' id='word_1_54' title='bbox 571 1241 590 1286; x_wconf 87' lang='lat' dir='ltr'>a</span> <span class='ocrx_word' id='word_1_55' title='bbox 609 1222 709 1303; x_wconf 86' lang='lat' dir='ltr'>gentis</span> <span class='ocrx_word' id='word_1_56' title='bbox 727 1221 847 1282; x_wconf 89' lang='lat' dir='ltr'>nomine</span> <span class='ocrx_word' id='word_1_57' title='bbox 869 1221 1039 1299; x_wconf 81' lang='lat' dir='ltr'>deductum,</span> <span class='ocrx_word' id='word_1_58' title='bbox 1060 1223 1141 1303; x_wconf 89' lang='lat' dir='ltr'>quod</span> <span class='ocrx_word' id='word_1_59' title='bbox 1159 1223 1199 1284; x_wconf 87' lang='lat' dir='ltr'>ad</span> <span class='ocrx_word' id='word_1_60' title='bbox 1214 1217 1343 1306; x_wconf 74' lang='lat' dir='ltr'>toepdds</span> 
     </span>
     <span class='ocr_line' id='line_1_9' title="bbox 230 1323 1339 1409; baseline 0.001 -22"><span class='ocrx_word' id='word_1_61' title='bbox 230 1345 336 1390; x_wconf 84' lang='lat' dir='ltr'>rooem</span> <span class='ocrx_word' id='word_1_62' title='bbox 360 1330 451 1409; x_wconf 85' lang='lat' dir='ltr'>poete</span> <span class='ocrx_word' id='word_1_63' title='bbox 480 1326 634 1388; x_wconf 81' lang='lat' dir='ltr'>retulerat.</span> <span class='ocrx_word' id='word_1_64' title='bbox 669 1324 838 1404; x_wconf 72' lang='lat' dir='ltr'>cogitabam</span> <span class='ocrx_word' id='word_1_65' title='bbox 863 1323 903 1385; x_wconf 88' lang='lat' dir='ltr'>de</span> <span class='ocrx_word' id='word_1_66' title='bbox 929 1325 1051 1408; x_wconf 78' lang='lat' dir='ltr'>Bityur&#39;,</span> <span class='ocrx_word' id='word_1_67' title='bbox 1078 1327 1159 1405; x_wconf 90' lang='lat' dir='ltr'>quod</span> <span class='ocrx_word' id='word_1_68' title='bbox 1185 1325 1339 1409; x_wconf 87' lang='lat' dir='ltr'>Bityniam</span> 
     </span>
     <span class='ocr_line' id='line_1_10' title="bbox 230 1427 1339 1511; baseline 0.002 -21"><span class='ocrx_word' id='word_1_69' title='bbox 230 1428 421 1510; x_wconf 85' lang='lat' dir='ltr'>Mariandyni</span> <span class='ocrx_word' id='word_1_70' title='bbox 441 1429 520 1490; x_wconf 88' lang='lat' dir='ltr'>inter</span> <span class='ocrx_word' id='word_1_71' title='bbox 541 1429 615 1492; x_wconf 87' lang='lat' dir='ltr'>eliae</span> <span class='ocrx_word' id='word_1_72' title='bbox 639 1429 749 1508; x_wconf 82' lang='lat' dir='ltr'>gentes</span> <span class='ocrx_word' id='word_1_73' title='bbox 767 1427 945 1504; x_wconf 76' lang='lat' dir='ltr'>indolebant,</span> <span class='ocrx_word' id='word_1_74' title='bbox 968 1429 1023 1493; x_wconf 87' lang='lat' dir='ltr'>sed</span> <span class='ocrx_word' id='word_1_75' title='bbox 1045 1447 1135 1509; x_wconf 88' lang='lat' dir='ltr'>quam</span> <span class='ocrx_word' id='word_1_76' title='bbox 1151 1449 1256 1510; x_wconf 87' lang='lat' dir='ltr'>parum</span> <span class='ocrx_word' id='word_1_77' title='bbox 1270 1450 1339 1511; x_wconf 88' lang='lat' dir='ltr'>pro·</span> 
     </span>
     <span class='ocr_line' id='line_1_11' title="bbox 230 1530 1340 1610; baseline 0.002 -18"><span class='ocrx_word' id='word_1_78' title='bbox 230 1531 336 1592; x_wconf 81' lang='lat' dir='ltr'>babilis</span> <span class='ocrx_word' id='word_1_79' title='bbox 359 1532 399 1593; x_wconf 93' lang='lat' dir='ltr'>sit</span> <span class='ocrx_word' id='word_1_80' title='bbox 419 1532 494 1592; x_wconf 84' lang='lat' dir='ltr'>bees</span> <span class='ocrx_word' id='word_1_81' title='bbox 515 1532 684 1594; x_wconf 86' lang='lat' dir='ltr'>eonieotura</span> <span class='ocrx_word' id='word_1_82' title='bbox 694 1549 742 1590; x_wconf 91' lang='lat' dir='ltr'>me</span> <span class='ocrx_word' id='word_1_83' title='bbox 758 1549 819 1591; x_wconf 92' lang='lat' dir='ltr'>non</span> <span class='ocrx_word' id='word_1_84' title='bbox 832 1530 918 1610; x_wconf 81' lang='lat' dir='ltr'>fugit</span> <span class='ocrx_word' id='word_1_85' title='bbox 933 1565 976 1576; x_wconf 89' lang='lat'>—-</span> <span class='ocrx_word' id='word_1_86' title='bbox 989 1535 1052 1594; x_wconf 80' lang='lat'>273</span> <span class='ocrx_word' id='word_1_87' title='bbox 1075 1530 1181 1610; x_wconf 58' lang='lat' dir='ltr'>effudit</span> <span class='ocrx_word' id='word_1_88' title='bbox 1195 1533 1340 1595; x_wconf 81' lang='lat' dir='ltr'>audenter</span> 
     </span>
     <span class='ocr_line' id='line_1_12' title="bbox 231 1631 1337 1715; baseline 0.005 -22"><span class='ocrx_word' id='word_1_89' title='bbox 231 1632 342 1696; x_wconf 89' lang='lat' dir='ltr'>dietum</span> <span class='ocrx_word' id='word_1_90' title='bbox 362 1633 411 1694; x_wconf 90' lang='lat' dir='ltr'>est</span> <span class='ocrx_word' id='word_1_91' title='bbox 430 1652 486 1715; x_wconf 89' lang='lat' dir='ltr'>pro</span> <span class='ocrx_word' id='word_1_92' title='bbox 514 1631 625 1712; x_wconf 80' lang='lat' dir='ltr'>efferii,</span> <span class='ocrx_word' id='word_1_93' title='bbox 652 1632 931 1713; x_wconf 82' lang='lat' dir='ltr'>uteffurrdrreutur</span> <span class='ocrx_word' id='word_1_94' title='bbox 949 1631 967 1697; x_wconf 87' lang='lat' dir='ltr'>i</span> <span class='ocrx_word' id='word_1_95' title='bbox 982 1655 1007 1696; x_wconf 86' lang='lat' dir='ltr'>e.</span> <span class='ocrx_word' id='word_1_96' title='bbox 1030 1635 1267 1698; x_wconf 86' lang='lat' dir='ltr'>exhaurirentur.</span> <span class='ocrx_word' id='word_1_97' title='bbox 1300 1638 1337 1698; x_wconf 83' lang='lat' dir='ltr'>of.</span> 
     </span>
     <span class='ocr_line' id='line_1_13' title="bbox 232 1727 1337 1821; baseline 0.002 -23"><span class='ocrx_word' id='word_1_98' title='bbox 232 1733 318 1798; x_wconf 80' lang='lat' dir='ltr'>Ouid.</span> <span class='ocrx_word' id='word_1_99' title='bbox 340 1733 461 1798; x_wconf 81' lang='lat' dir='ltr'>metam.</span> <span class='ocrx_word' id='word_1_100' title='bbox 483 1733 551 1796; x_wconf 88' lang='lat' dir='ltr'>XII</span> <span class='ocrx_word' id='word_1_101' title='bbox 582 1737 642 1796; x_wconf 87' lang='lat'>106</span> <span class='ocrx_word' id='word_1_102' title='bbox 661 1727 780 1799; x_wconf 75' lang='lat' dir='ltr'>‘munus</span> <span class='ocrx_word' id='word_1_103' title='bbox 800 1740 844 1800; x_wconf 82' lang='lat' dir='ltr'>eet</span> <span class='ocrx_word' id='word_1_104' title='bbox 871 1757 937 1800; x_wconf 84' lang='lat' dir='ltr'>ruer</span> <span class='ocrx_word' id='word_1_105' title='bbox 966 1738 1074 1802; x_wconf 81' lang='lat' dir='ltr'>debitis</span> <span class='ocrx_word' id='word_1_106' title='bbox 1097 1759 1167 1821; x_wconf 77' lang='lat' dir='ltr'>erpo</span> <span class='ocrx_word' id='word_1_107' title='bbox 1193 1727 1337 1821; x_wconf 80' lang='lat' dir='ltr'>quosque’</span> 
     </span>
     <span class='ocr_line' id='line_1_14' title="bbox 231 1826 1337 1921; baseline 0.003 -19"><span class='ocrx_word' id='word_1_108' title='bbox 231 1843 275 1904; x_wconf 83' lang='lat' dir='ltr'>rit</span> <span class='ocrx_word' id='word_1_109' title='bbox 289 1832 375 1904; x_wconf 78' lang='lat' dir='ltr'>‘aute&#39;</span> <span class='ocrx_word' id='word_1_110' title='bbox 394 1842 499 1904; x_wconf 78' lang='lat' dir='ltr'>debuit</span> <span class='ocrx_word' id='word_1_111' title='bbox 525 1841 606 1902; x_wconf 81' lang='lat' dir='ltr'>uires</span> <span class='ocrx_word' id='word_1_112' title='bbox 632 1836 793 1917; x_wconf 81' lang='lat' dir='ltr'>effudr&#39;tr&#39;u</span> <span class='ocrx_word' id='word_1_113' title='bbox 821 1826 896 1902; x_wconf 74' lang='lat' dir='ltr'>uuo.³</span> <span class='ocrx_word' id='word_1_114' title='bbox 931 1839 1032 1921; x_wconf 78' lang='lat' dir='ltr'>itaque</span> <span class='ocrx_word' id='word_1_115' title='bbox 1055 1841 1146 1904; x_wconf 84' lang='lat' dir='ltr'>etusr&#39;t</span> <span class='ocrx_word' id='word_1_116' title='bbox 1165 1841 1337 1905; x_wconf 84' lang='lat' dir='ltr'>eonieotnra</span> 
     </span>
     <span class='ocr_line' id='line_1_15' title="bbox 230 1941 1335 2025; baseline 0.001 -21"><span class='ocrx_word' id='word_1_117' title='bbox 230 1962 291 2005; x_wconf 93' lang='lat' dir='ltr'>non</span> <span class='ocrx_word' id='word_1_118' title='bbox 313 1963 388 2025; x_wconf 90' lang='lat' dir='ltr'>opus</span> <span class='ocrx_word' id='word_1_119' title='bbox 411 1945 465 2006; x_wconf 91' lang='lat' dir='ltr'>est</span> <span class='ocrx_word' id='word_1_120' title='bbox 504 1945 596 2004; x_wconf 81' lang='lat' dir='ltr'>nutus</span> <span class='ocrx_word' id='word_1_121' title='bbox 616 1942 717 2001; x_wconf 86' lang='lat' dir='ltr'>eutem</span> <span class='ocrx_word' id='word_1_122' title='bbox 741 1941 884 2022; x_wconf 84' lang='lat' dir='ltr'>intellego</span> <span class='ocrx_word' id='word_1_123' title='bbox 906 1946 1005 2004; x_wconf 88' lang='lat' dir='ltr'>motus</span> <span class='ocrx_word' id='word_1_124' title='bbox 1029 1946 1062 2005; x_wconf 89' lang='lat' dir='ltr'>et</span> <span class='ocrx_word' id='word_1_125' title='bbox 1082 1944 1181 2005; x_wconf 87' lang='lat' dir='ltr'>flexus</span> <span class='ocrx_word' id='word_1_126' title='bbox 1202 1945 1335 2025; x_wconf 86' lang='lat' dir='ltr'>eorporis</span> 
     </span>
     <span class='ocr_line' id='line_1_16' title="bbox 230 2042 1336 2127; baseline 0.002 -21"><span class='ocrx_word' id='word_1_127' title='bbox 230 2048 262 2107; x_wconf 89' lang='lat' dir='ltr'>et</span> <span class='ocrx_word' id='word_1_128' title='bbox 282 2046 404 2127; x_wconf 87' lang='lat' dir='ltr'>eapitis,</span> <span class='ocrx_word' id='word_1_129' title='bbox 428 2046 535 2127; x_wconf 91' lang='lat' dir='ltr'>quibus</span> <span class='ocrx_word' id='word_1_130' title='bbox 554 2045 631 2106; x_wconf 90' lang='lat' dir='ltr'>iotus</span> <span class='ocrx_word' id='word_1_131' title='bbox 650 2042 760 2124; x_wconf 79' lang='lat' dir='ltr'>Amyci</span> <span class='ocrx_word' id='word_1_132' title='bbox 781 2043 889 2108; x_wconf 78' lang='lat' dir='ltr'>Pollux</span> <span class='ocrx_word' id='word_1_133' title='bbox 910 2045 1050 2108; x_wconf 86' lang='lat' dir='ltr'>evitabat.</span> <span class='ocrx_word' id='word_1_134' title='bbox 1086 2047 1121 2109; x_wconf 73' lang='lat' dir='ltr'>etl</span> <span class='ocrx_word' id='word_1_135' title='bbox 1143 2045 1218 2110; x_wconf 84' lang='lat' dir='ltr'>Stat.</span> <span class='ocrx_word' id='word_1_136' title='bbox 1243 2047 1336 2109; x_wconf 79' lang='lat' dir='ltr'>Theb.</span> 
     </span>
     <span class='ocr_line' id='line_1_17' title="bbox 231 2149 1333 2232; baseline 0.001 -20"><span class='ocrx_word' id='word_1_137' title='bbox 231 2149 278 2212; x_wconf 84' lang='lat' dir='ltr'>VI</span> <span class='ocrx_word' id='word_1_138' title='bbox 292 2155 351 2212; x_wconf 94' lang='grc'>771</span> <span class='ocrx_word' id='word_1_139' title='bbox 374 2149 523 2212; x_wconf 82' lang='lat' dir='ltr'>interdurn</span> <span class='ocrx_word' id='word_1_140' title='bbox 544 2151 619 2212; x_wconf 85' lang='lat' dir='ltr'>uutu</span> <span class='ocrx_word' id='word_1_141' title='bbox 634 2149 796 2230; x_wconf 73' lang='lat' dir='ltr'>oopitdqur</span> <span class='ocrx_word' id='word_1_142' title='bbox 816 2149 903 2210; x_wconf 72' lang='lat' dir='ltr'>retati</span> <span class='ocrx_word' id='word_1_143' title='bbox 920 2149 1033 2232; x_wconf 68' lang='lat' dir='ltr'>integer</span> <span class='ocrx_word' id='word_1_144' title='bbox 1051 2151 1194 2232; x_wconf 75' lang='lat' dir='ltr'>obsequie</span> <span class='ocrx_word' id='word_1_145' title='bbox 1211 2185 1254 2198; x_wconf 84' lang='lat'><em>-</em></span> <span class='ocrx_word' id='word_1_146' title='bbox 1271 2153 1333 2214; x_wconf 77' lang='lat'>275</span> 
     </span>
     <span class='ocr_line' id='line_1_18' title="bbox 230 2249 1335 2336; baseline 0.001 -19"><span class='ocrx_word' id='word_1_147' title='bbox 230 2253 373 2317; x_wconf 75' lang='lat' dir='ltr'>dedermru</span> <span class='ocrx_word' id='word_1_148' title='bbox 393 2251 571 2315; x_wconf 77' lang='lat' dir='ltr'>vocabulum</span> <span class='ocrx_word' id='word_1_149' title='bbox 592 2252 765 2330; x_wconf 81' lang='grc' dir='ltr'>ιοιιιιιιιιιιιι</span> <span class='ocrx_word' id='word_1_150' title='bbox 785 2249 848 2328; x_wconf 90' lang='lat' dir='ltr'>est,</span> <span class='ocrx_word' id='word_1_151' title='bbox 874 2271 930 2331; x_wconf 89' lang='lat' dir='ltr'>pro</span> <span class='ocrx_word' id='word_1_152' title='bbox 950 2272 1010 2334; x_wconf 91' lang='lat' dir='ltr'>quo</span> <span class='ocrx_word' id='word_1_153' title='bbox 1035 2253 1208 2316; x_wconf 87' lang='lat' dir='ltr'>dubitanter</span> <span class='ocrx_word' id='word_1_154' title='bbox 1228 2273 1335 2336; x_wconf 74' lang='lat' dir='ltr'>prope</span> 
     </span>
     <span class='ocr_line' id='line_1_19' title="bbox 231 2355 1335 2437; baseline 0 -19"><span class='ocrx_word' id='word_1_155' title='bbox 231 2357 278 2418; x_wconf 90' lang='lat' dir='ltr'>sui</span> <span class='ocrx_word' id='word_1_156' title='bbox 299 2357 464 2420; x_wconf 77' lang='lat' dir='ltr'>detrudere.</span> <span class='ocrx_word' id='word_1_157' title='bbox 492 2375 564 2418; x_wconf 87' lang='lat' dir='ltr'>nem</span> <span class='ocrx_word' id='word_1_158' title='bbox 583 2373 715 2419; x_wconf 84' lang='lat' dir='ltr'>summos</span> <span class='ocrx_word' id='word_1_159' title='bbox 734 2357 848 2416; x_wconf 79' lang='lat' dir='ltr'>orestus</span> <span class='ocrx_word' id='word_1_160' title='bbox 869 2355 993 2418; x_wconf 79' lang='lat' dir='ltr'>vocibus</span> <span class='ocrx_word' id='word_1_161' title='bbox 1014 2359 1087 2437; x_wconf 91' lang='lat' dir='ltr'>puto</span> <span class='ocrx_word' id='word_1_162' title='bbox 1101 2355 1263 2436; x_wconf 74' lang='lat' dir='ltr'>significari</span> <span class='ocrx_word' id='word_1_163' title='bbox 1276 2358 1335 2418; x_wconf 86' lang='lat' dir='ltr'>ela-</span> 
     </span>
     <span class='ocr_line' id='line_1_20' title="bbox 229 2456 1336 2542; baseline -0.001 -19"><span class='ocrx_word' id='word_1_164' title='bbox 229 2465 339 2524; x_wconf 85' lang='lat' dir='ltr'>voset</span> <span class='ocrx_word' id='word_1_165' title='bbox 357 2477 512 2542; x_wconf 86' lang='lat' dir='ltr'>squamas,</span> <span class='ocrx_word' id='word_1_166' title='bbox 535 2459 642 2540; x_wconf 90' lang='lat' dir='ltr'>quibus</span> <span class='ocrx_word' id='word_1_167' title='bbox 664 2473 733 2516; x_wconf 87' lang='lat' dir='ltr'>oees</span> <span class='ocrx_word' id='word_1_168' title='bbox 735 2456 840 2532; x_wconf 91' lang='lat' dir='ltr'>tus,u</span> <span class='ocrx_word' id='word_1_169' title='bbox 842 2457 992 2521; x_wconf 83' lang='lat' dir='ltr'>tVelerii</span> <span class='ocrx_word' id='word_1_170' title='bbox 1010 2461 1102 2520; x_wconf 82' lang='lat' dir='ltr'>verbo</span> <span class='ocrx_word' id='word_1_171' title='bbox 1123 2463 1206 2536; x_wconf 86' lang='lat' dir='ltr'>utar,</span> <span class='ocrx_word' id='word_1_172' title='bbox 1228 2461 1336 2522; x_wconf 77' lang='lat' dir='ltr'>caelati</span> 
     </span>
     <span class='ocr_line' id='line_1_21' title="bbox 229 2559 1336 2642; baseline -0.003 -16"><span class='ocrx_word' id='word_1_173' title='bbox 229 2566 325 2628; x_wconf 85' lang='lat' dir='ltr'>erant.</span> <span class='ocrx_word' id='word_1_174' title='bbox 357 2583 466 2624; x_wconf 83' lang='lat' dir='ltr'>versus</span> <span class='ocrx_word' id='word_1_175' title='bbox 488 2565 588 2624; x_wconf 89' lang='lat' dir='ltr'>antem</span> <span class='ocrx_word' id='word_1_176' title='bbox 604 2559 768 2634; x_wconf 79' lang='lat' dir='ltr'>Statianus,</span> <span class='ocrx_word' id='word_1_177' title='bbox 790 2578 879 2639; x_wconf 90' lang='lat' dir='ltr'>quem</span> <span class='ocrx_word' id='word_1_178' title='bbox 894 2560 932 2621; x_wconf 84' lang='lat' dir='ltr'>ed</span> <span class='ocrx_word' id='word_1_179' title='bbox 944 2565 1049 2642; x_wconf 88' lang='lat' dir='ltr'>partes</span> <span class='ocrx_word' id='word_1_180' title='bbox 1060 2563 1167 2626; x_wconf 75' lang='lat' dir='ltr'>vocavi</span> <span class='ocrx_word' id='word_1_181' title='bbox 1183 2561 1242 2642; x_wconf 87' lang='lat' dir='ltr'>(VI</span> <span class='ocrx_word' id='word_1_182' title='bbox 1260 2565 1336 2642; x_wconf 88' lang='grc'>764)</span> 
     </span>
     <span class='ocr_line' id='line_1_22' title="bbox 229 2663 1337 2747; baseline 0 -19"><span class='ocrx_word' id='word_1_183' title='bbox 229 2667 278 2728; x_wconf 88' lang='lat' dir='ltr'>hie</span> <span class='ocrx_word' id='word_1_184' title='bbox 299 2668 360 2727; x_wconf 86' lang='lat' dir='ltr'>est:</span> <span class='ocrx_word' id='word_1_185' title='bbox 381 2665 538 2747; x_wconf 78' lang='lat' dir='ltr'>replerunt</span> <span class='ocrx_word' id='word_1_186' title='bbox 557 2666 671 2726; x_wconf 74' lang='lat' dir='ltr'>uerutus</span> <span class='ocrx_word' id='word_1_187' title='bbox 688 2663 876 2744; x_wconf 79' lang='lat' dir='ltr'>debeturdqur</span> <span class='ocrx_word' id='word_1_188' title='bbox 897 2665 1023 2727; x_wconf 75' lang='lat' dir='ltr'>termedo.</span> <span class='ocrx_word' id='word_1_189' title='bbox 1045 2699 1086 2710; x_wconf 88' lang='lat'><em>-</em></span> <span class='ocrx_word' id='word_1_190' title='bbox 1109 2671 1172 2728; x_wconf 88' lang='grc'>364</span> <span class='ocrx_word' id='word_1_191' title='bbox 1185 2687 1237 2746; x_wconf 91' lang='lat' dir='ltr'>sq.‚</span> <span class='ocrx_word' id='word_1_192' title='bbox 1260 2687 1337 2747; x_wconf 91' lang='lat' dir='ltr'>qnos</span> 
     </span>
     <span class='ocr_line' id='line_1_23' title="bbox 229 2763 1336 2852; baseline 0.002 -22"><span class='ocrx_word' id='word_1_193' title='bbox 229 2787 338 2830; x_wconf 84' lang='lat' dir='ltr'>versus</span> <span class='ocrx_word' id='word_1_194' title='bbox 357 2766 545 2848; x_wconf 83' lang='lat' dir='ltr'>Peerlkempi</span> <span class='ocrx_word' id='word_1_195' title='bbox 567 2764 743 2831; x_wconf 87' lang='lat' dir='ltr'>eonieeturis</span> <span class='ocrx_word' id='word_1_196' title='bbox 764 2765 893 2845; x_wconf 85' lang='lat' dir='ltr'>reeeptis</span> <span class='ocrx_word' id='word_1_197' title='bbox 916 2763 1225 2830; x_wconf 70' lang='lat' dir='ltr'>emendatiores&#39;dedi</span> <span class='ocrx_word' id='word_1_198' title='bbox 1247 2789 1336 2852; x_wconf 87' lang='lat' dir='ltr'>quem</span> 
     </span>
     <span class='ocr_line' id='line_1_24' title="bbox 230 2866 1336 2953; baseline 0 -20"><span class='ocrx_word' id='word_1_199' title='bbox 230 2875 300 2934; x_wconf 88' lang='lat' dir='ltr'>ante</span> <span class='ocrx_word' id='word_1_200' title='bbox 319 2872 507 2946; x_wconf 84' lang='lat' dir='ltr'>terebantur,</span> <span class='ocrx_word' id='word_1_201' title='bbox 527 2869 690 2932; x_wconf 83' lang='lat' dir='ltr'>Dorvillius</span> <span class='ocrx_word' id='word_1_202' title='bbox 714 2867 752 2930; x_wconf 86' lang='lat' dir='ltr'>ad</span> <span class='ocrx_word' id='word_1_203' title='bbox 772 2866 884 2932; x_wconf 79' lang='lat' dir='ltr'>Charit.</span> <span class='ocrx_word' id='word_1_204' title='bbox 905 2870 985 2933; x_wconf 89' lang='lat' dir='ltr'>VIII</span> <span class='ocrx_word' id='word_1_205' title='bbox 1003 2875 1022 2933; x_wconf 89' lang='lat'><strong>3</strong></span> <span class='ocrx_word' id='word_1_206' title='bbox 1041 2871 1085 2933; x_wconf 86' lang='lat' dir='ltr'>sie</span> <span class='ocrx_word' id='word_1_207' title='bbox 1102 2874 1223 2952; x_wconf 84' lang='lat' dir='ltr'>poetam</span> <span class='ocrx_word' id='word_1_208' title='bbox 1245 2874 1336 2953; x_wconf 86' lang='lat' dir='ltr'>serip-</span> 
     </span>
     <span class='ocr_line' id='line_1_25' title="bbox 232 2971 1339 3056; baseline 0.004 -20"><span class='ocrx_word' id='word_1_209' title='bbox 232 2975 308 3036; x_wconf 89' lang='lat' dir='ltr'>sisse</span> <span class='ocrx_word' id='word_1_210' title='bbox 336 2974 475 3036; x_wconf 88' lang='lat' dir='ltr'>oonieeit:</span> <span class='ocrx_word' id='word_1_211' title='bbox 505 2993 563 3055; x_wconf 82' lang='lat' dir='ltr'>quo</span> <span class='ocrx_word' id='word_1_212' title='bbox 580 2971 685 3052; x_wconf 80' lang='lat' dir='ltr'>froude</span> <span class='ocrx_word' id='word_1_213' title='bbox 715 2975 835 3055; x_wconf 77' lang='lat' dir='ltr'>uepuret</span> <span class='ocrx_word' id='word_1_214' title='bbox 864 2975 917 3034; x_wconf 85' lang='lat' dir='ltr'>aut</span> <span class='ocrx_word' id='word_1_215' title='bbox 944 2991 1017 3056; x_wconf 79' lang='lat' dir='ltr'>quos</span> <span class='ocrx_word' id='word_1_216' title='bbox 1036 2977 1169 3040; x_wconf 79' lang='lat' dir='ltr'>iuuentae</span> <span class='ocrx_word' id='word_1_217' title='bbox 1190 2979 1339 3040; x_wconf 79' lang='lat' dir='ltr'>timuisset</span> 
     </span>
     <span class='ocr_line' id='line_1_26' title="bbox 229 3074 1337 3162; baseline -0.001 -22"><span class='ocrx_word' id='word_1_218' title='bbox 229 3079 365 3162; x_wconf 73' lang='lat' dir='ltr'>Iuppiter</span> <span class='ocrx_word' id='word_1_219' title='bbox 385 3074 507 3160; x_wconf 71' lang='lat' dir='ltr'>Arpos?</span> <span class='ocrx_word' id='word_1_220' title='bbox 532 3111 570 3124; x_wconf 87' lang='lat'>-</span> <span class='ocrx_word' id='word_1_221' title='bbox 596 3080 660 3139; x_wconf 83' lang='lat'>530</span> <span class='ocrx_word' id='word_1_222' title='bbox 688 3079 762 3140; x_wconf 69' lang='lat' dir='ltr'>ure</span> <span class='ocrx_word' id='word_1_223' title='bbox 784 3075 864 3155; x_wconf 90' lang='lat' dir='ltr'>quod</span> <span class='ocrx_word' id='word_1_224' title='bbox 884 3079 953 3140; x_wconf 78' lang='lat' dir='ltr'>otuu</span> <span class='ocrx_word' id='word_1_225' title='bbox 973 3077 1169 3158; x_wconf 85' lang='lat' dir='ltr'>Argonautae</span> <span class='ocrx_word' id='word_1_226' title='bbox 1190 3099 1337 3161; x_wconf 89' lang='lat' dir='ltr'>reponere</span> 
     </span>
     <span class='ocr_line' id='line_1_27' title="bbox 231 3177 1337 3264; baseline 0 -20"><span class='ocrx_word' id='word_1_227' title='bbox 231 3183 372 3244; x_wconf 87' lang='lat' dir='ltr'>dieuntur</span> <span class='ocrx_word' id='word_1_228' title='bbox 398 3182 502 3257; x_wconf 74' lang='grc' dir='ltr'>ιιιιιοις</span> <span class='ocrx_word' id='word_1_229' title='bbox 534 3199 642 3261; x_wconf 87' lang='lat' dir='ltr'>nempe</span> <span class='ocrx_word' id='word_1_230' title='bbox 666 3180 698 3241; x_wconf 93' lang='lat' dir='ltr'>in</span> <span class='ocrx_word' id='word_1_231' title='bbox 721 3179 835 3242; x_wconf 86' lang='lat' dir='ltr'>mensis</span> <span class='ocrx_word' id='word_1_232' title='bbox 858 3177 920 3240; x_wconf 85' lang='lat' dir='ltr'>vini</span> <span class='ocrx_word' id='word_1_233' title='bbox 948 3181 1032 3244; x_wconf 87' lang='lat' dir='ltr'>loeus</span> <span class='ocrx_word' id='word_1_234' title='bbox 1062 3186 1117 3244; x_wconf 91' lang='lat' dir='ltr'>est.</span> <span class='ocrx_word' id='word_1_235' title='bbox 1152 3182 1254 3264; x_wconf 82' lang='lat' dir='ltr'>itaque</span> <span class='ocrx_word' id='word_1_236' title='bbox 1281 3201 1337 3263; x_wconf 87' lang='lat' dir='ltr'>pro</span> 
     </span>
     <span class='ocr_line' id='line_1_28' title="bbox 229 3283 1337 3366; baseline -0.002 -18"><span class='ocrx_word' id='word_1_237' title='bbox 229 3305 315 3363; x_wconf 78' lang='lat' dir='ltr'>suro,</span> <span class='ocrx_word' id='word_1_238' title='bbox 341 3287 372 3348; x_wconf 92' lang='lat' dir='ltr'>id</span> <span class='ocrx_word' id='word_1_239' title='bbox 393 3286 472 3349; x_wconf 88' lang='lat' dir='ltr'>euim</span> <span class='ocrx_word' id='word_1_240' title='bbox 493 3284 632 3348; x_wconf 79' lang='lat' dir='ltr'>Vaticani</span> <span class='ocrx_word' id='word_1_241' title='bbox 654 3283 865 3361; x_wconf 89' lang='lat' dir='ltr'>testimoninm,</span> <span class='ocrx_word' id='word_1_242' title='bbox 888 3285 1000 3346; x_wconf 86' lang='lat' dir='ltr'>eonieoi</span> <span class='ocrx_word' id='word_1_243' title='bbox 1022 3286 1087 3348; x_wconf 82' lang='lat' dir='ltr'>ortu</span> <span class='ocrx_word' id='word_1_244' title='bbox 1110 3303 1187 3364; x_wconf 88' lang='lat' dir='ltr'>quae</span> <span class='ocrx_word' id='word_1_245' title='bbox 1217 3287 1337 3366; x_wconf 86' lang='lat' dir='ltr'>tapetes</span> 
     </span>
     <span class='ocr_line' id='line_1_29' title="bbox 229 3387 1338 3471; baseline -0.002 -21"><span class='ocrx_word' id='word_1_246' title='bbox 229 3389 391 3470; x_wconf 80' lang='lat' dir='ltr'>intellego,</span> <span class='ocrx_word' id='word_1_247' title='bbox 421 3391 528 3471; x_wconf 90' lang='lat' dir='ltr'>quibus</span> <span class='ocrx_word' id='word_1_248' title='bbox 550 3387 608 3450; x_wconf 88' lang='lat' dir='ltr'>tori</span> <span class='ocrx_word' id='word_1_249' title='bbox 631 3387 703 3448; x_wconf 87' lang='lat' dir='ltr'>teeti</span> <span class='ocrx_word' id='word_1_250' title='bbox 731 3389 832 3462; x_wconf 83' lang='lat' dir='ltr'>erant,</span> <span class='ocrx_word' id='word_1_251' title='bbox 861 3405 996 3469; x_wconf 90' lang='lat' dir='ltr'>quosque</span> <span class='ocrx_word' id='word_1_252' title='bbox 1019 3387 1175 3470; x_wconf 84' lang='lat' dir='ltr'>Harpyiae</span> <span class='ocrx_word' id='word_1_253' title='bbox 1198 3389 1338 3450; x_wconf 85' lang='lat' dir='ltr'>turbave-</span> 
     </span>
     <span class='ocr_line' id='line_1_30' title="bbox 246 3491 1339 3574; baseline 0 -20"><span class='ocrx_word' id='word_1_254' title='bbox 246 3497 299 3554; x_wconf 89' lang='lat' dir='ltr'>ent</span> <span class='ocrx_word' id='word_1_255' title='bbox 326 3498 358 3555; x_wconf 91' lang='lat' dir='ltr'>et</span> <span class='ocrx_word' id='word_1_256' title='bbox 383 3493 619 3574; x_wconf 84' lang='lat' dir='ltr'>inquinaverant.</span> <span class='ocrx_word' id='word_1_257' title='bbox 660 3491 824 3573; x_wconf 80' lang='lat' dir='ltr'>epulasque</span> <span class='ocrx_word' id='word_1_258' title='bbox 855 3495 999 3574; x_wconf 83' lang='lat' dir='ltr'>repouuut</span> <span class='ocrx_word' id='word_1_259' title='bbox 1031 3496 1132 3554; x_wconf 85' lang='lat' dir='ltr'>eutem</span> <span class='ocrx_word' id='word_1_260' title='bbox 1165 3491 1339 3572; x_wconf 80' lang='lat' dir='ltr'>simpliciter</span> 
     </span>
     <span class='ocr_line' id='line_1_31' title="bbox 230 3593 1338 3674; baseline -0.005 -16"><span class='ocrx_word' id='word_1_261' title='bbox 230 3597 342 3658; x_wconf 88' lang='lat' dir='ltr'>dietum</span> <span class='ocrx_word' id='word_1_262' title='bbox 366 3600 420 3658; x_wconf 86' lang='lat' dir='ltr'>est</span> <span class='ocrx_word' id='word_1_263' title='bbox 443 3631 485 3642; x_wconf 83' lang='lat'>-</span> <span class='ocrx_word' id='word_1_264' title='bbox 509 3599 570 3658; x_wconf 85' lang='lat'>685</span> <span class='ocrx_word' id='word_1_265' title='bbox 593 3598 696 3656; x_wconf 80' lang='lat' dir='ltr'>tauros</span> <span class='ocrx_word' id='word_1_266' title='bbox 720 3596 810 3656; x_wconf 78' lang='lat' dir='ltr'>turrito</span> <span class='ocrx_word' id='word_1_267' title='bbox 832 3593 982 3674; x_wconf 78' lang='lat' dir='ltr'>detorquet</span> <span class='ocrx_word' id='word_1_268' title='bbox 1002 3594 1033 3654; x_wconf 82' lang='grc' dir='ltr'>ιιι</span> <span class='ocrx_word' id='word_1_269' title='bbox 1053 3595 1111 3656; x_wconf 85' lang='lat' dir='ltr'>itio</span> <span class='ocrx_word' id='word_1_270' title='bbox 1132 3615 1224 3658; x_wconf 81' lang='lat' dir='ltr'>eoruu</span> <span class='ocrx_word' id='word_1_271' title='bbox 1244 3595 1338 3655; x_wconf 89' lang='lat' dir='ltr'>latine</span> 
     </span>
     <span class='ocr_line' id='line_1_32' title="bbox 231 3697 1338 3780; baseline -0.001 -18"><span class='ocrx_word' id='word_1_272' title='bbox 231 3701 342 3762; x_wconf 87' lang='lat' dir='ltr'>dietum</span> <span class='ocrx_word' id='word_1_273' title='bbox 371 3718 439 3760; x_wconf 91' lang='lat' dir='ltr'>esse</span> <span class='ocrx_word' id='word_1_274' title='bbox 460 3719 548 3780; x_wconf 87' lang='lat' dir='ltr'>nego.</span> <span class='ocrx_word' id='word_1_275' title='bbox 584 3717 673 3779; x_wconf 90' lang='lat' dir='ltr'>quam</span> <span class='ocrx_word' id='word_1_276' title='bbox 701 3697 738 3756; x_wconf 82' lang='lat' dir='ltr'>db</span> <span class='ocrx_word' id='word_1_277' title='bbox 764 3714 826 3756; x_wconf 88' lang='lat' dir='ltr'>rem</span> <span class='ocrx_word' id='word_1_278' title='bbox 858 3697 983 3758; x_wconf 80' lang='lat' dir='ltr'>inuitum</span> <span class='ocrx_word' id='word_1_279' title='bbox 1011 3699 1160 3778; x_wconf 88' lang='lat' dir='ltr'>proposui.</span> <span class='ocrx_word' id='word_1_280' title='bbox 1194 3719 1285 3760; x_wconf 83' lang='lat' dir='ltr'>ooruu</span> <span class='ocrx_word' id='word_1_281' title='bbox 1306 3702 1338 3760; x_wconf 83' lang='lat' dir='ltr'>iu</span> 
     </span>
     <span class='ocr_line' id='line_1_33' title="bbox 230 3799 1407 3885; baseline -0.002 -17"><span class='ocrx_word' id='word_1_282' title='bbox 230 3805 287 3870; x_wconf 79' lang='lat' dir='ltr'>uir</span> <span class='ocrx_word' id='word_1_283' title='bbox 310 3803 480 3885; x_wconf 75' lang='lat' dir='ltr'>detorquere</span> <span class='ocrx_word' id='word_1_284' title='bbox 503 3805 605 3866; x_wconf 84' lang='lat' dir='ltr'>eutem</span> <span class='ocrx_word' id='word_1_285' title='bbox 626 3799 802 3879; x_wconf 88' lang='lat' dir='ltr'>Wagnerus</span> <span class='ocrx_word' id='word_1_286' title='bbox 823 3799 899 3861; x_wconf 88' lang='lat' dir='ltr'>vidit</span> <span class='ocrx_word' id='word_1_287' title='bbox 921 3817 989 3858; x_wconf 90' lang='lat' dir='ltr'>esse</span> <span class='ocrx_word' id='word_1_288' title='bbox 1012 3800 1090 3861; x_wconf 87' lang='lat' dir='ltr'>tauri</span> <span class='ocrx_word' id='word_1_289' title='bbox 1113 3804 1203 3882; x_wconf 85' lang='lat' dir='ltr'>eaput</span> <span class='ocrx_word' id='word_1_290' title='bbox 1224 3801 1255 3862; x_wconf 92' lang='lat' dir='ltr'>in</span> <span class='ocrx_word' id='word_1_291' title='bbox 1278 3803 1336 3862; x_wconf 86' lang='lat' dir='ltr'>ter·</span> <span class='ocrx_word' id='word_1_292' title='bbox 1404 3860 1407 3867; x_wconf 92' lang='lat'>.</span> 
     </span>
     <span class='ocr_line' id='line_1_34' title="bbox 230 3904 1338 3984; baseline -0.004 -14"><span class='ocrx_word' id='word_1_293' title='bbox 230 3927 294 3970; x_wconf 83' lang='lat' dir='ltr'>rem</span> <span class='ocrx_word' id='word_1_294' title='bbox 315 3907 490 3982; x_wconf 86' lang='lat' dir='ltr'>detrahere,</span> <span class='ocrx_word' id='word_1_295' title='bbox 518 3907 554 3966; x_wconf 90' lang='lat' dir='ltr'>ut</span> <span class='ocrx_word' id='word_1_296' title='bbox 579 3905 718 3964; x_wconf 84' lang='lat' dir='ltr'>ventrem</span> <span class='ocrx_word' id='word_1_297' title='bbox 739 3904 863 3982; x_wconf 89' lang='lat' dir='ltr'>speetet.</span> <span class='ocrx_word' id='word_1_298' title='bbox 889 3935 926 3946; x_wconf 93' lang='lat'>-</span> <span class='ocrx_word' id='word_1_299' title='bbox 951 3922 1046 3964; x_wconf 81' lang='lat' dir='ltr'>uersu</span> <span class='ocrx_word' id='word_1_300' title='bbox 1070 3908 1130 3966; x_wconf 83' lang='grc'>715</span> <span class='ocrx_word' id='word_1_301' title='bbox 1153 3923 1213 3965; x_wconf 93' lang='lat' dir='ltr'>non</span> <span class='ocrx_word' id='word_1_302' title='bbox 1236 3907 1338 3984; x_wconf 89' lang='lat' dir='ltr'>potest</span> 
     </span>
     <span class='ocr_line' id='line_1_35' title="bbox 230 4003 1392 4089; baseline -0.004 -15"><span class='ocrx_word' id='word_1_303' title='bbox 230 4013 389 4074; x_wconf 83' lang='lat' dir='ltr'>obseurum</span> <span class='ocrx_word' id='word_1_304' title='bbox 420 4028 488 4070; x_wconf 91' lang='lat' dir='ltr'>esse</span> <span class='ocrx_word' id='word_1_305' title='bbox 516 4006 671 4070; x_wconf 83' lang='lat' dir='ltr'>Valerium</span> <span class='ocrx_word' id='word_1_306' title='bbox 702 4004 871 4086; x_wconf 84' lang='lat' dir='ltr'>exprimere</span> <span class='ocrx_word' id='word_1_307' title='bbox 899 4003 1050 4082; x_wconf 85' lang='lat' dir='ltr'>voluisse,</span> <span class='ocrx_word' id='word_1_308' title='bbox 1080 4027 1120 4068; x_wconf 91' lang='lat' dir='ltr'>ne</span> <span class='ocrx_word' id='word_1_309' title='bbox 1148 4007 1338 4089; x_wconf 82' lang='lat' dir='ltr'>Tyrrhenum</span> <span class='ocrx_word' id='word_1_310' title='bbox 1387 4049 1392 4058; x_wconf 87' lang='lat'>·</span> 
     </span>
     <span class='ocr_line' id='line_1_36' title="bbox 232 4107 1338 4196; baseline -0.005 -18"><span class='ocrx_word' id='word_1_311' title='bbox 232 4116 351 4196; x_wconf 85' lang='lat' dir='ltr'>quidem</span> <span class='ocrx_word' id='word_1_312' title='bbox 374 4133 457 4176; x_wconf 90' lang='lat' dir='ltr'>mare</span> <span class='ocrx_word' id='word_1_313' title='bbox 478 4131 544 4174; x_wconf 88' lang='lat' dir='ltr'>eum</span> <span class='ocrx_word' id='word_1_314' title='bbox 567 4109 690 4190; x_wconf 84' lang='lat' dir='ltr'>Aegaeo</span> <span class='ocrx_word' id='word_1_315' title='bbox 711 4107 846 4168; x_wconf 77' lang='lat' dir='ltr'>iunctm</span> <span class='ocrx_word' id='word_1_316' title='bbox 871 4109 972 4170; x_wconf 81' lang='lat' dir='ltr'>tentes</span> <span class='ocrx_word' id='word_1_317' title='bbox 998 4127 1092 4190; x_wconf 82' lang='lat' dir='ltr'>eques</span> <span class='ocrx_word' id='word_1_318' title='bbox 1116 4111 1226 4172; x_wconf 81' lang='lat' dir='ltr'>habere</span> <span class='ocrx_word' id='word_1_319' title='bbox 1249 4129 1338 4189; x_wconf 86' lang='lat' dir='ltr'>quem</span> 
     </span>
     <span class='ocr_line' id='line_1_37' title="bbox 231 4211 1338 4295; baseline -0.005 -15"><span class='ocrx_word' id='word_1_320' title='bbox 231 4217 367 4280; x_wconf 86' lang='lat' dir='ltr'>P&#39;ontum.</span> <span class='ocrx_word' id='word_1_321' title='bbox 405 4217 464 4280; x_wconf 83' lang='lat' dir='ltr'>iem</span> <span class='ocrx_word' id='word_1_322' title='bbox 491 4213 602 4278; x_wconf 83' lang='lat' dir='ltr'>dixerit</span> <span class='ocrx_word' id='word_1_323' title='bbox 625 4211 787 4294; x_wconf 81' lang='lat' dir='ltr'>quispiam,</span> <span class='ocrx_word' id='word_1_324' title='bbox 814 4215 949 4292; x_wconf 80' lang='lat' dir='ltr'>quemuis</span> <span class='ocrx_word' id='word_1_325' title='bbox 978 4215 1098 4292; x_wconf 87' lang='lat' dir='ltr'>poetam</span> <span class='ocrx_word' id='word_1_326' title='bbox 1123 4213 1260 4295; x_wconf 89' lang='lat' dir='ltr'>posuisse</span> <span class='ocrx_word' id='word_1_327' title='bbox 1282 4233 1338 4294; x_wconf 83' lang='lat' dir='ltr'>pre</span> 
     </span>
    </p>

    <p class='ocr_par' dir='ltr' id='par_1_4' title="bbox 282 4313 1338 4402">
     <span class='ocr_line' id='line_1_38' title="bbox 282 4313 1338 4402; baseline -0.006 -17.434"><span class='ocrx_word' id='word_1_328' title='bbox 282 4319 563 4402; x_wconf 80' lang='lat' dir='ltr'>,et&#39;lyrrhenum</span> <span class='ocrx_word' id='word_1_329' title='bbox 588 4335 671 4380; x_wconf 84' lang='lat' dir='ltr'>mere</span> <span class='ocrx_word' id='word_1_330' title='bbox 693 4335 761 4379; x_wconf 87' lang='lat' dir='ltr'>eum</span> <span class='ocrx_word' id='word_1_331' title='bbox 781 4313 942 4396; x_wconf 80' lang='lat' dir='ltr'>Aegaeo&#39;</span> <span class='ocrx_word' id='word_1_332' title='bbox 934 4317 1016 4379; x_wconf 87' lang='lat' dir='ltr'>runet</span> <span class='ocrx_word' id='word_1_333' title='bbox 1016 4335 1066 4378; x_wconf 90' lang='lat' dir='ltr'>nm</span> <span class='ocrx_word' id='word_1_334' title='bbox 1096 4335 1131 4378; x_wconf 87' lang='lat' dir='ltr'>eo</span> <span class='ocrx_word' id='word_1_335' title='bbox 1151 4315 1338 4396; x_wconf 80' lang='lat' dir='ltr'>significasse</span> 
     </span>
    </p>
   </div>
   <div class='ocr_carea' id='block_1_4' title="bbox 227 4560 1067 4942">
    <p class='ocr_par' dir='ltr' id='par_1_5' title="bbox 227 4560 1067 4942">
     <span class='ocr_line' id='line_1_39' title="bbox 227 4560 1067 4942; baseline -0.004 0.378"><span class='ocrx_word' id='word_1_336' title='bbox 227 4560 1067 4942; x_wconf 72' lang='grc' dir='ltr'>Ιιιιι</span> 
     </span>
    </p>
   </div>
   <div class='ocr_carea' id='block_1_5' title="bbox 0 0 1548 4968">
    <p class='ocr_par' dir='ltr' id='par_1_6' title="bbox 0 0 1548 4968">
     <span class='ocr_line' id='line_1_40' title="bbox 0 0 1548 4968; baseline 0 0"><span class='ocrx_word' id='word_1_337' title='bbox 0 0 1548 4968; x_wconf 95' lang='lat' dir='ltr'> </span> 
     </span>
    </p>
   </div>
  </div>
 </body>
</html>
