3072 4974
517 437 740 510 uncorsmrcor'r
762 459 847 506 amna
861 464 924 505 vrn.
1206 443 1270 511 241

313 619 469 701 Absyrtus
490 620 561 681 visu
578 621 695 680 maeret
717 617 835 680 defixus
856 617 978 696 acerba·
1466 689 1469 696 ,

249 743 306 786 nec
325 723 396 805 quid
418 724 505 802 agat,
530 739 589 804 qna
609 723 641 784 ri
666 723 789 803 portus,
811 723 843 782 et
866 720 972 802 prima
986 723 1126 801 capessat
1207 711 1322 782 370v
1404 801 1406 811 ,

249 825 340 905 ostia,
363 844 422 908 qua
441 825 539 908 possit
559 823 682 906 Minyas
703 825 862 900 invadere,
881 823 1001 886 clausos
1101 841 1103 846 ·

250 947 325 1010 quos
347 929 431 990 ridet
453 923 649 1009 agnoscitque
670 928 816 1002 fremens3
835 919 934 988 'maria
956 926 1171 990 obria=oontra

251 1051 403 1112 saevaque
423 1034 542 1112 pugnat
558 1031 691 1113 hiemps,
714 1024 856 1112 totusque
878 1030 909 1090 in
929 1030 1043 1092 vertice
1066 1033 1184 1111 pontus.

250 1135 398 1197 abscessit
419 1135 541 1196 tandem
563 1128 700 1214 raraque
721 1133 836 1195 recedit
859 1134 898 1194 ab
915 1131 961 1194 ira
992 1119 993 1124 ἵ

189 1251 191 1256 ·
251 1239 282 1299 et
303 1240 388 1300 tanta
410 1239 449 1299 de
471 1233 558 1299 clade
578 1231 666 1299 ratic.¹
683 1231 764 1298 latus
787 1236 856 1296 inde
878 1235 1055 1297 sinistrum·
1208 1237 1285 1304 375„

250 1339 470 1432 adversamque
491 1341 595 1422 procul
616 1339 731 1408 Peuces
753 1339 888 1400 defertur
909 1339 940 1399 in
962 1357 1063 1402 cram*

253 1462 322 1506 cum
343 1443 446 1518 sociis;
469 1444 588 1523 gemino
608 1462 678 1504 nam
699 1441 845 1504 scinditur
866 1441 966 1503 insula
986 1442 1075 1526 flexu

255 1543 395 1607 Danubii.
417 1547 473 1608 hac
496 1547 610 1609 dudum
631 1545 755 1626 Minyae
777 1544 992 1625 Pagasaeaque
1014 1545 1124 1626 puppis

257 1647 289 1708 in
310 1649 440 1710 statione
461 1651 598 1723 manent;
619 1647 701 1710 illinc
719 1646 846 1708 Aeetius
867 1646 958 1707 heros

254 1750 372 1812 obsidet
390 1753 520 1813 adversa
542 1750 672 1813 tentoria
696 1750 844 1812 Thessala
864 1750 961 1810 classe
1104 1809 1107 1816 ,
1214 1753 1276 1814 380

253 1853 420 1934 inpatiens,
443 1873 624 1936 pugnaeque
647 1853 737 1914 datur
756 1872 817 1914 non
835 1852 899 1928 ulla
920 1853 1077 1933 potestas„
1172 1917 1174 1922 ,

252 1958 358 2042 noctes
378 1959 476 2038 atquo.
489 1955 556 2018 dies
577 1956 674 2018 vastis
694 1975 777 2018 mare
799 1955 940 2016 fiuctibus
962 1955 1040 2016 inter

252 2059 394 2139 perfurit,
418 2060 582 2142 expediant
605 2061 699 2120 donec
721 2057 849 2120 Inncnia
875 2076 943 2119 sese

254 2162 378 2226 consilia
402 2164 493 2242 atque
515 2163 645 2244 aliquem
664 2162 742 2223 bello
764 2162 843 2222 ferat
865 2161 959 2249 anxia!
973 2159 1071 2242 finem.

320 2310 364 2372 At
384 2310 510 2393 Minyae
530 2312 608 2372 tanti
630 2313 808 2393 reputantes
830 2309 936 2372 ultima
958 2310 1029 2372 belli
1216 2312 1278 2371 385

257 2417 390 2493 urguent
409 2416 442 2475 et
460 2413 600 2495 precibus
623 2413 721 2477 cuncti
742 2411 929 2494 fremituque¹
942 2411 1083 2502 fatigant·

255 2515 437 2579 Aesoniden.
471 2517 543 2605 quid
563 2537 596 2578 se
618 2518 747 2578 externa
768 2535 823 2597 pro
847 2515 965 2595 virgine
988 2515 1107 2576 clausos

255 2619 381 2696 obiciat,
401 2619 512 2702 quidve
530 2621 583 2682 illa
602 2620 668 2703 pati
688 2618 858 2682 discrimina
880 2620 986 2698 cogat?
1087 2697 1090 2703 Ι

255 2722 420 2804 respiceret
440 2724 603 2805 pluresque
625 2722 742 2786 animas
763 2720 1020 2802 maioraquefeta

254 2827 301 2886 tot
322 2825 478 2905 comitum,
501 2825 551 2906 qui
571 2845 633 2887 non
653 2825 759 2900 furtis,
781 2843 838 2886 nec
861 2841 962 2886 amore
982 2824 1110 2906 nefando
1131 2867 1134 2878 .
1219 2829 1281 2886 390

254 2947 310 3009 per
330 2929 423 3005 freta,
442 2929 497 2990 sed
519 2930 584 2991 sole
606 2948 676 2991 sese
697 2927 813 2989 virtute
833 2929 1008 3006 sequantur.

255 3049 295 3091 an
314 3050 404 3106 vero,
425 3034 461 3091 ut
477 3030 617 3092 thalamis
640 3031 795 3111 raptisque
813 3029 972 3107 indulgeat
993 3049 1073 3090 unus

273 3337 324 3384 370
341 3333 381 3383 Ne
400 3333 460 3400 quid
478 3337 539 3398 agat
556 3338 629 3386 codex
642 3337 732 3400 rapias.
770 3335 830 3385 Heu
849 3334 909 3401 quid
929 3337 1005 3398 egat?
1023 3338 1061 3386 cel
1075 3334 1125 3385 Sed
1143 3337 1203 3402 quid
1222 3343 1283 3402 agat

168 3419 307 3496 Heinaefuu
328 3419 395 3470 illud
411 3434 460 3470 uon
479 3421 592 3481 displicet
652 3469 655 3477 f
673 3424 722 3474 378
741 3419 850 3470 tremens
868 3399 1017 3471 Sabellicicc:
1034 3423 1144 3471 tremens
1162 3410 1215 3491 ij

151 3508 218 3558 ,373
243 3505 375 3568 motusque
403 3519 420 3554 e
442 3504 546 3569 gurgite
575 3507 670 3568 pontus
698 3507 832 3566 Heinsius,
863 3506 994 3568 tortusque
1018 3505 1046 3555 in
1070 3507 1166 3558 vortice
1192 3513 1285 3574 pontus

167 3591 303 3640 Santonica
320 3592 354 3640 ad
370 3591 456 3640 Ouidi.
474 3593 533 3654 clep.
554 3593 582 3640 in
600 3591 680 3642 Mani.
694 3606 723 3652 p.
744 3595 778 3642 44
798 3598 859 3640 teate
882 3591 1017 3640 Weiolerto
1094 3596 1146 3644 374
1166 3594 1287 3647 Abscedit

169 3675 232 3724 Pica
256 3676 424 3736 adcopulantc
456 3675 609 3734 Weiclerto,
635 3674 740 3724 Accedit
763 3675 824 3726 Arc.
931 3679 981 3727 375
1005 3676 1068 3726 ratis
1090 3679 1196 3731 mma:
1218 3686 1286 3732 rates

169 3761 262 3814 naon.
336 3763 385 3812 377
406 3760 483 3812 sociis
495 3763 577 3811 Bon:
595 3759 660 3812 socii
674 3761 763 3810 MAtd.
803 3765 853 3812 378
869 3761 917 3809 hac
927 3761 1009 3812 Aca:
1027 3763 1111 3833 atis,
1129 3768 1231 3816 ecBon.

169 3859 330 3910 pagaseaque
350 3845 384 3896 M
398 3843 461 3912 (qua
476 3862 545 3909 supr.
567 3860 631 3896 ocra.
653 3847 710 3896 add.
730 3845 764 3912 m)
851 3849 902 3896 379
921 3845 1002 3895 aetius
1016 3848 1061 3908 M,
1081 3849 1181 3910 castius
1195 3868 1219 3900 m
1329 3867 1332 3872 ’

169 3934 218 3980 381
238 3929 292 3980 ulla
308 3946 344 3980 m:
363 3929 434 3980 nullo
451 3933 485 3981 Μ
560 3936 609 3981 386
630 3928 734 3994 Urgnnt
755 3932 780 3981 V
854 3929 988 3994 praecibus
1009 3933 1035 3982 V
1109 3937 1159 3984 387
1179 3936 1286 3988 Aesoni-

171 4013 236 4064 daen
260 4017 286 4065 V
385 4013 507 4080 quidese
530 4017 559 4077 V,
582 4015 671 4079 quise
690 4031 714 4064 m
817 4014 916 4064 clausos
924 4015 1013 4065 'Bon.:
1032 4015 1130 4066 clausas
1153 4021 1183 4080 V,
1203 4021 1288 4073 clausa

170 4100 237 4149 Aldo
249 4109 384 4161 praeeunte
403 4101 562 4162 Wcictcrtus,
582 4097 649 4148 cladi
664 4101 764 4160 Balbos,
782 4099 858 4172 classi
876 4101 987 4150 Schedius
1002 4101 1032 4148 ab
1045 4102 1150 4152 Heinsio
1167 4107 1288 4178 laudatus,

170 4182 281 4232 clanetm
295 4185 417 4234 Heinsius
488 4191 538 4238 388
556 4185 701 4250 maioraque
715 4186 757 4234 M:
773 4184 908 4236 maioreV
973 4183 1085 4236 lacteis
1150 4192 1289 4245 acc'furtis

170 4268 309 4320 Heinsius:
326 4268 400 4319 furiis
425 4272 471 4338 ch
572 4282 657 4320 amore
676 4285 714 4329 cp:
731 4284 800 4319 more
826 4269 856 4329 V,
884 4284 953 4331 queam
973 4269 1118 4332 arrepturum
1142 4277 1291 4328 Weiclccrtus

130 4383 132 4392 ι
164 4351 266 4413 fatetur
283 4367 335 4403 non
346 4369 457 4415 prorsus
476 4357 524 4406 aaa
536 4357 668 4416 displicere
749 4376 753 4385 ·

226 4438 300 4488 curro,
316 4438 367 4481 vn.
383 4439 418 4481 ru.
1023 4429 1072 4485 ’16
1113 4489 1115 4494 ,
