3072 4974
533 438 754 482 meossrrrcor
782 437 868 480 umen
882 437 923 480 vr.
1219 417 1284 486 las

262 590 390 654 ulterius
408 591 492 654 dedit
512 609 582 654 acre
603 592 696 654 decus
718 591 905 672 fecundaque
926 592 1068 654 monchis
1217 597 1282 656 470

262 694 400 775 cingula,
421 713 482 757 non
504 693 602 775 pietas
624 695 732 776 quibus
749 696 806 756 aut
825 693 962 758 emindia
982 693 1089 772 famae,

262 817 323 859 ιιοιι
345 797 458 878 pudor,
480 800 513 860 at
533 798 638 864 contra
658 781 736 860 levis
757 799 790 860 et
810 795 921 860 festina
939 795 1048 878 cupido

262 899 441 992 adfatusque
461 900 531 962 mali
553 899 707 981 dulcisque
727 900 897 964 labantibus
918 919 1002 964 error

263 1004 295 1063 et
316 1005 416 1066 metus
438 1004 470 1064 et
491 1003 615 1064 demens
636 1000 725 1065 alieni
745 1021 819 1065 curs
838 1003 950 1085 pericli

256 1097 365 1166 ‘omne'
387 1097 468 1168 ait
458 1105 616 1188 rmperium
637 1107 835 1186 natorumque
854 1124 938 1168 arma
957 1124 1091 1172 meorum
1215 1111 1278 1172 475

261 1209 368 1268 cuncta
389 1207 472 1284 dedi3
494 1209 790 1289 quascumquelibet
811 1227 891 1272 nunc
912 1211 1037 1272 concute
1059 1203 1191 1274 mentes?

326 1389 465 1470 Cingitur
484 1388 601 1453 arcanis
623 1388 764 1455 Saturnia
785 1390 867 1452 laeta
887 1391 1022 1471 venenis,

260 1495 358 1574 adque
380 1493 448 1574 hinc
466 1494 621 1574 virgineae
642 1492 727 1554 uenit
746 1492 786 1554 ad
807 1494 974 1574 penetralia
994 1495 1075 1562 sedis

262 1596 443 1677 Chalciopen
463 1595 580 1658 imitata
601 1615 674 1658 sono
697 1595 851 1675 fermeque
875 1617 1016 1660 sororem.

258 1698 344 1760 fulsit
365 1699 403 1759 ab
425 1697 522 1760 invita
542 1699 644 1762 lumen
666 1699 784 1779 procul,
810 1700 842 1759 et
862 1719 958 1780 pavor
977 1703 1063 1762 artus
1214 1704 1279 1763 480

259 1801 396 1883 protinus
418 1798 544 1886 adque
535 1819 642 1880 ingene
664 1799 793 1862 Aeetida
813 1802 940 1882 perculit
927 1803 1074 1866 t.h0rr0r

254 1896 341 1984 ‘ergo
361 1923 418 1965 nec
438 1902 550 1984 ignotis
570 1901 692 1986 Minyas
714 1903 772 1964 huc
793 1896 941 1965 fluctibus’
966 1905 1063 1986 inquit

254 1997 442 2082 ‘advenisse‚
465 2025 565 2082 soror,
586 2024 644 2066 nec
662 2007 765 2067 nostro
786 2005 850 2069 sola
870 2007 989 2088 parenti

259 2108 318 2169 scis
341 2107 437 2170 sociae
459 2109 595 2170 iunxisse
614 2109 740 2169 manus?
764 2110 797 2170 at
818 2110 919 2170 cetera
938 2128 1040 2170 muros
1201 2171 1203 2183 ,

260 2213 350 2274 turba
369 2214 453 2273 tenet
470 2211 639 2292 fruiturque
660 2211 759 2273 virum
779 2213 959 2274 caelestibus
982 2213 1083 2290 armis,
1213 2214 1276 2275 485

259 2318 294 2376 tu
315 2315 453 2377 thalamis
471 2315 583 2395 ignava
604 2316 708 2393 sedes,
729 2317 764 2377 ιιι
787 2317 852 2377 sola
872 2317 999 2396 paterna

259 2417 321 2480 fixa
342 2417 449 2481 domo?
472 2420 549 2480 tales
569 2419 687 2499 quando
712 2417 766 2480 tibi
788 2435 912 2478 cernere
933 2411 1055 2498 regesi’

258 2521 311 2584 illa
332 2521 405 2584 nihil
427 2521 545 2596 contra;
565 2541 622 2584 nec
642 2520 720 2582 enim
741 2521 799 2582 dea
820 2539 924 2602 passa,
945 2540 1125 2601 manumque

259 2625 383 2707 inplicat
403 2626 435 2686 et
456 2624 568 2706 rapidis
590 2625 749 2687 mirantem
769 2622 909 2705 passibus
932 2623 1038 2685 aufert.

260 2727 379 2790 ducitur
400 2727 504 2789 infelix
525 2729 563 2790 ad
585 2727 703 2790 moenia
723 2746 840 2789 summa
858 2724 952 2788 futuri
1213 2728 1277 2790 490

259 2831 361 2892 nescia
381 2831 469 2910 virgo
493 2830 564 2894 mali
584 2832 617 2891 et
637 2831 731 2895 falsae
750 2828 908 2891 commissa
926 2830 1030 2905 sorori,

258 2934 321 2994 lilia
341 2953 397 3015 per
418 2953 528 2994 vernos
550 2933 652 2995 lucent
671 2933 758 2994 velut
778 2933 847 2994 alba
866 2932 982 2994 colores

259 3035 434 3116 praecipue,
458 3035 525 3114 quis
547 3034 613 3095 vita
633 3034 735 3096 brevis
756 3037 897 3115 totusque
918 3052 1082 3114 parumper

258 3137 346 3199 floret
369 3136 464 3199 honor
484 3136 576 3198 fuscis
597 3137 629 3197 et
648 3135 708 3198 iam
729 3138 819 3198 notus
840 3134 975 3198 imminet
994 3136 1058 3200 alie.

277 3446 328 3494 470
353 3443 422 3508 acre]
448 3457 504 3493 ecee
532 3449 563 3507 ψ.
595 3455 656 3501 quar
687 3443 813 3504 arreptura
837 3455 886 3490 non
917 3442 1042 3502 displicuit
1065 3442 1221 3500 numanae,
1249 3447 1277 3488 st

172 3531 368 3594 antiquaretur
384 3537 443 3590 perf
460 3525 530 3578 dedit
554 3534 580 3595 et
595 3527 666 3575 rerba
683 3539 744 3586 quae
763 3533 879 3578 arcuatia·
896 3535 977 3576 errent
998 3527 1102 3578 ranem
1117 3532 1207 3576 certm
1224 3532 1277 3574 tra·

172 3618 254 3667 dentis
324 3610 478 3678 fecundaque
496 3614 555 3663 Ata.
567 3626 576 3660 :
588 3651 589 3654 ι
600 3609 754 3677 facundaque
773 3614 816 3671 M,
839 3610 1009 3675 foecundaque
1025 3613 1088 3662 Bon.
1160 3614 1211 3661 473
1222 3608 1276 3660 Ad-

173 3701 312 3767 datusqne‚
330 3701 394 3750 Itali
411 3703 534 3750 cuiusdam
552 3697 714 3746 coniecturam
726 3698 840 3759 protavit
853 3697 975 3745 Hermiae
1062 3695 1136 3748 malis
1146 3697 1206 3746 Ala.

172 3783 316 3836 labantibus
335 3785 467 3834 Sabellicus
486 3799 515 3834 e:
533 3781 675 3834 lubentibus
693 3784 756 3849 Μψ.
774 3780 855 3832 dulcis
873 3780 1015 3832 labentibus
1033 3797 1105 3832 error
1114 3783 1240 3832 Murrius

174 3874 223 3921 474
242 3868 319 3920 alieni
335 3871 371 3920 0.-
393 3869 523 3935 alieueque
540 3871 594 3936 Μψ
699 3872 749 3918 479
768 3865 932 3932 (thechiopeu
953 3868 983 3928 V,
1005 3866 1161 3930 Calchiopen
1178 3865 1213 3916 M

173 3957 271 4062 iniat·
294 4009 318 4058 V
333 4007 355 4073 (t
373 4023 441 4071 rupr.
463 4024 510 4059 rer.
529 4024 561 4059 m.
581 4006 640 4072 rec.)
760 4009 811 4056 480
829 4005 914 4056 lumen
931 4008 976 4058 Pio
988 4013 1123 4070 praeeunte
1140 4003 1277 4054 Hancine:

174 4107 267 4144 numen
290 4095 325 4144 Vc
428 4099 479 4146 484
498 4093 530 4144 ad
552 4095 577 4144 V
677 4097 726 4144 480
745 4090 836 4155 ignara
855 4093 913 4142 Oet
931 4093 1004 4140 codar
1020 4088 1172 4148 Burmanni,
1186 4087 1276 4151 moda·

174 4181 209 4232 cit
227 4179 347 4230 Heinsius
422 4184 471 4231 491
490 4178 570 4230 falsae
588 4186 624 4245 ip:
642 4176 741 4230 falsiV
808 4182 858 4228 492
877 4189 971 4226 ucrnos
984 4177 1017 4226 Μ
1080 4187 1128 4238 per
1144 4184 1278 4221 vernos-

175 4265 286 4326 ederae,
307 4260 344 4312 ‘id
361 4273 396 4314 ert
416 4259 486 4316 verr)
507 4265 665 4314 Burrnunnue
767 4265 817 4314 403
836 4259 990 4324 Praecipuae
1012 4261 1042 4309 V.
1064 4266 1123 4328 poet
1143 4255 1277 4324 praecipue

175 4352 371 4414 aestimatum
390 4365 441 4398 erre
459 4351 520 4400 uidit
538 4349 673 4408 Heinsius,
695 4349 738 4408 qut
756 4353 778 4395 rt
797 4343 950 4411 praecipitat
964 4343 1020 4409 quis
1039 4343 1091 4394 uita
1108 4344 1208 4394 coniecit
