<?xml version="1.0" encoding="UTF-8"?>
<!DOCTYPE html PUBLIC "-//W3C//DTD XHTML 1.0 Transitional//EN"
    "http://www.w3.org/TR/xhtml1/DTD/xhtml1-transitional.dtd">
<html xmlns="http://www.w3.org/1999/xhtml" xml:lang="en" lang="en">
 <head>
  <title>
</title>
<meta http-equiv="Content-Type" content="text/html;charset=utf-8" />
  <meta name='ocr-system' content='tesseract 3.04.00' />
  <meta name='ocr-capabilities' content='ocr_page ocr_carea ocr_par ocr_line ocrx_word'/>
</head>
<body>
  <div class='ocr_page' id='page_1' title='image "./argonaviticonli00flacgoog_0045.png"; bbox 0 0 3086 4968; ppageno 0'>
   <div class='ocr_carea' id='block_1_1' title="bbox 261 435 926 485">
    <p class='ocr_par' dir='ltr' id='par_1_1' title="bbox 261 435 926 485">
     <span class='ocr_line' id='line_1_1' title="bbox 261 435 926 485; baseline -0.014 0"><span class='ocrx_word' id='word_1_1' title='bbox 261 443 379 485; x_wconf 71' lang='lat' dir='ltr'>mum</span> <span class='ocrx_word' id='word_1_2' title='bbox 698 435 926 480; x_wconf 71' lang='lat' dir='ltr'>Pronneonmlon</span> 
     </span>
    </p>
   </div>
   <div class='ocr_carea' id='block_1_2' title="bbox 265 603 1424 3263">
    <p class='ocr_par' dir='ltr' id='par_1_2' title="bbox 265 603 1383 2539">
     <span class='ocr_line' id='line_1_2' title="bbox 265 603 1375 691; baseline -0.007 -19"><span class='ocrx_word' id='word_1_3' title='bbox 265 607 424 691; x_wconf 88' lang='lat' dir='ltr'>Baptistae</span> <span class='ocrx_word' id='word_1_4' title='bbox 442 606 488 668; x_wconf 90' lang='lat' dir='ltr'>Pii</span> <span class='ocrx_word' id='word_1_5' title='bbox 508 609 540 668; x_wconf 86' lang='lat' dir='ltr'>ot</span> <span class='ocrx_word' id='word_1_6' title='bbox 560 605 718 668; x_wconf 86' lang='lat' dir='ltr'>Delamalli</span> <span class='ocrx_word' id='word_1_7' title='bbox 739 604 880 680; x_wconf 84' lang='lat' dir='ltr'>inventa,</span> <span class='ocrx_word' id='word_1_8' title='bbox 898 603 961 664; x_wconf 88' lang='lat' dir='ltr'>tam</span> <span class='ocrx_word' id='word_1_9' title='bbox 980 620 1126 683; x_wconf 82' lang='lat' dir='ltr'>perversa</span> <span class='ocrx_word' id='word_1_10' title='bbox 1149 605 1234 681; x_wconf 85' lang='lat' dir='ltr'>sunt,</span> <span class='ocrx_word' id='word_1_11' title='bbox 1256 606 1292 666; x_wconf 88' lang='lat' dir='ltr'>ut</span> <span class='ocrx_word' id='word_1_12' title='bbox 1312 623 1375 666; x_wconf 89' lang='lat' dir='ltr'>non</span> 
     </span>
     <span class='ocr_line' id='line_1_3' title="bbox 267 704 1375 787; baseline -0.007 -13"><span class='ocrx_word' id='word_1_13' title='bbox 267 711 308 774; x_wconf 89' lang='lat' dir='ltr'>sit</span> <span class='ocrx_word' id='word_1_14' title='bbox 330 730 384 774; x_wconf 88' lang='lat' dir='ltr'>cur</span> <span class='ocrx_word' id='word_1_15' title='bbox 404 707 588 785; x_wconf 75' lang='lat' dir='ltr'>refutentur,</span> <span class='ocrx_word' id='word_1_16' title='bbox 616 708 675 770; x_wconf 86' lang='lat' dir='ltr'>alia</span> <span class='ocrx_word' id='word_1_17' title='bbox 703 709 740 768; x_wconf 89' lang='lat' dir='ltr'>ab</span> <span class='ocrx_word' id='word_1_18' title='bbox 768 704 938 768; x_wconf 89' lang='lat' dir='ltr'>auctoribus</span> <span class='ocrx_word' id='word_1_19' title='bbox 966 704 1041 785; x_wconf 87' lang='lat' dir='ltr'>ipsis</span> <span class='ocrx_word' id='word_1_20' title='bbox 1068 705 1229 787; x_wconf 90' lang='lat' dir='ltr'>reprobata</span> <span class='ocrx_word' id='word_1_21' title='bbox 1248 705 1375 768; x_wconf 89' lang='lat' dir='ltr'>voluta</span> 
     </span>
     <span class='ocr_line' id='line_1_4' title="bbox 268 802 1374 892; baseline -0.005 -17"><span class='ocrx_word' id='word_1_22' title='bbox 268 814 441 876; x_wconf 90' lang='lat' dir='ltr'>Burmanno</span> <span class='ocrx_word' id='word_1_23' title='bbox 463 813 576 876; x_wconf 87' lang='lat' dir='ltr'>Beckio</span> <span class='ocrx_word' id='word_1_24' title='bbox 589 812 756 892; x_wconf 89' lang='lat' dir='ltr'>Wagnero,</span> <span class='ocrx_word' id='word_1_25' title='bbox 778 808 905 888; x_wconf 89' lang='lat' dir='ltr'>denique</span> <span class='ocrx_word' id='word_1_26' title='bbox 927 802 1006 887; x_wconf 86' lang='lat' dir='ltr'>quo&#39;d</span> <span class='ocrx_word' id='word_1_27' title='bbox 1018 806 1184 872; x_wconf 80' lang='lat' dir='ltr'>Dorrillius</span> <span class='ocrx_word' id='word_1_28' title='bbox 1206 810 1244 872; x_wconf 88' lang='lat' dir='ltr'>ad</span> <span class='ocrx_word' id='word_1_29' title='bbox 1261 807 1374 872; x_wconf 78' lang='lat' dir='ltr'>Charit</span> 
     </span>
     <span class='ocr_line' id='line_1_5' title="bbox 269 910 1376 998; baseline -0.004 -20"><span class='ocrx_word' id='word_1_30' title='bbox 269 915 334 980; x_wconf 88' lang='lat' dir='ltr'>VII</span> <span class='ocrx_word' id='word_1_31' title='bbox 354 921 372 979; x_wconf 89' lang='grc'><strong>6</strong></span> <span class='ocrx_word' id='word_1_32' title='bbox 393 938 422 998; x_wconf 94' lang='lat' dir='ltr'>p.</span> <span class='ocrx_word' id='word_1_33' title='bbox 440 919 500 980; x_wconf 86' lang='lat'>591</span> <span class='ocrx_word' id='word_1_34' title='bbox 519 918 564 978; x_wconf 91' lang='lat' dir='ltr'>ed.</span> <span class='ocrx_word' id='word_1_35' title='bbox 578 915 661 998; x_wconf 89' lang='lat' dir='ltr'>Lips.</span> <span class='ocrx_word' id='word_1_36' title='bbox 681 915 758 976; x_wconf 86' lang='lat' dir='ltr'>dixit</span> <span class='ocrx_word' id='word_1_37' title='bbox 769 910 812 991; x_wconf 64' lang='lat'>⁴*),</span> <span class='ocrx_word' id='word_1_38' title='bbox 834 931 853 972; x_wconf 92' lang='lat' dir='ltr'>a</span> <span class='ocrx_word' id='word_1_39' title='bbox 873 929 963 972; x_wconf 89' lang='lat' dir='ltr'>curru</span> <span class='ocrx_word' id='word_1_40' title='bbox 982 913 1234 992; x_wconf 90' lang='lat' dir='ltr'>comparationem</span> <span class='ocrx_word' id='word_1_41' title='bbox 1254 912 1376 974; x_wconf 86' lang='lat' dir='ltr'>ductam</span> 
     </span>
     <span class='ocr_line' id='line_1_6' title="bbox 269 1013 1377 1108; baseline -0.004 -28"><span class='ocrx_word' id='word_1_42' title='bbox 269 1019 383 1099; x_wconf 84' lang='lat' dir='ltr'>uideri,</span> <span class='ocrx_word' id='word_1_43' title='bbox 413 1039 480 1082; x_wconf 91' lang='lat' dir='ltr'>eam</span> <span class='ocrx_word' id='word_1_44' title='bbox 506 1019 667 1099; x_wconf 79' lang='lat' dir='ltr'><strong>imaginem</strong></span> <span class='ocrx_word' id='word_1_45' title='bbox 689 1017 820 1080; x_wconf 85' lang='lat' dir='ltr'>Beckius</span> <span class='ocrx_word' id='word_1_46' title='bbox 850 1013 1016 1108; x_wconf 76' lang='lat' dir='ltr'>rectissime</span> <span class='ocrx_word' id='word_1_47' title='bbox 1046 1015 1190 1077; x_wconf 84' lang='lat' dir='ltr'>iudicavit</span> <span class='ocrx_word' id='word_1_48' title='bbox 1210 1014 1298 1076; x_wconf 90' lang='lat' dir='ltr'>nimis</span> <span class='ocrx_word' id='word_1_49' title='bbox 1321 1016 1377 1077; x_wconf 85' lang='lat' dir='ltr'>hu·</span> 
     </span>
     <span class='ocr_line' id='line_1_7' title="bbox 269 1117 1378 1204; baseline -0.003 -19"><span class='ocrx_word' id='word_1_50' title='bbox 269 1122 371 1184; x_wconf 84' lang='lat' dir='ltr'>milam</span> <span class='ocrx_word' id='word_1_51' title='bbox 392 1143 470 1185; x_wconf 89' lang='lat' dir='ltr'>esse.</span> <span class='ocrx_word' id='word_1_52' title='bbox 513 1123 651 1204; x_wconf 83' lang='lat' dir='ltr'>equidem</span> <span class='ocrx_word' id='word_1_53' title='bbox 675 1141 736 1182; x_wconf 92' lang='lat' dir='ltr'>non</span> <span class='ocrx_word' id='word_1_54' title='bbox 761 1117 960 1200; x_wconf 79' lang='lat' dir='ltr'>explicatione</span> <span class='ocrx_word' id='word_1_55' title='bbox 990 1117 1044 1176; x_wconf 91' lang='lat' dir='ltr'>sed</span> <span class='ocrx_word' id='word_1_56' title='bbox 1067 1119 1274 1182; x_wconf 73' lang='lat' dir='ltr'>emendatione</span> <span class='ocrx_word' id='word_1_57' title='bbox 1296 1119 1378 1182; x_wconf 87' lang='lat' dir='ltr'>hunc</span> 
     </span>
     <span class='ocr_line' id='line_1_8' title="bbox 270 1219 1378 1306; baseline -0.004 -20"><span class='ocrx_word' id='word_1_58' title='bbox 270 1226 369 1288; x_wconf 88' lang='lat' dir='ltr'>locum</span> <span class='ocrx_word' id='word_1_59' title='bbox 390 1226 527 1306; x_wconf 84' lang='lat' dir='ltr'>indigere</span> <span class='ocrx_word' id='word_1_60' title='bbox 548 1225 676 1288; x_wconf 89' lang='lat' dir='ltr'>arbitror</span> <span class='ocrx_word' id='word_1_61' title='bbox 700 1224 862 1303; x_wconf 89' lang='lat' dir='ltr'>sedemque</span> <span class='ocrx_word' id='word_1_62' title='bbox 885 1239 952 1282; x_wconf 89' lang='lat' dir='ltr'>esse</span> <span class='ocrx_word' id='word_1_63' title='bbox 971 1219 1160 1299; x_wconf 87' lang='lat' dir='ltr'>corruptelae</span> <span class='ocrx_word' id='word_1_64' title='bbox 1183 1224 1252 1284; x_wconf 72' lang='lat' dir='ltr'>cate</span> <span class='ocrx_word' id='word_1_65' title='bbox 1270 1240 1378 1282; x_wconf 83' lang='lat' dir='ltr'>rocem</span> 
     </span>
     <span class='ocr_line' id='line_1_9' title="bbox 271 1318 1379 1409; baseline -0.005 -18"><span class='ocrx_word' id='word_1_66' title='bbox 271 1328 303 1390; x_wconf 91' lang='lat' dir='ltr'>in</span> <span class='ocrx_word' id='word_1_67' title='bbox 324 1349 417 1391; x_wconf 85' lang='lat' dir='ltr'>versu</span> <span class='ocrx_word' id='word_1_68' title='bbox 440 1333 520 1406; x_wconf 80' lang='lat'>560,</span> <span class='ocrx_word' id='word_1_69' title='bbox 549 1328 598 1389; x_wconf 88' lang='lat' dir='ltr'>cui</span> <span class='ocrx_word' id='word_1_70' title='bbox 624 1330 695 1409; x_wconf 90' lang='lat' dir='ltr'>apte</span> <span class='ocrx_word' id='word_1_71' title='bbox 715 1325 910 1406; x_wconf 82' lang='lat' dir='ltr'>explicandae</span> <span class='ocrx_word' id='word_1_72' title='bbox 938 1318 1041 1383; x_wconf 80' lang='lat' dir='ltr'>orn&#39;nes</span> <span class='ocrx_word' id='word_1_73' title='bbox 1061 1322 1105 1384; x_wconf 89' lang='lat' dir='ltr'>illi</span> <span class='ocrx_word' id='word_1_74' title='bbox 1133 1323 1191 1386; x_wconf 83' lang='lat' dir='ltr'>viri</span> <span class='ocrx_word' id='word_1_75' title='bbox 1215 1325 1379 1388; x_wconf 89' lang='lat' dir='ltr'>doctissimi</span> 
     </span>
     <span class='ocr_line' id='line_1_10' title="bbox 270 1425 1380 1514; baseline -0.004 -20"><span class='ocrx_word' id='word_1_76' title='bbox 270 1431 385 1494; x_wconf 59' lang='lat' dir='ltr'>mustra</span> <span class='ocrx_word' id='word_1_77' title='bbox 413 1449 535 1514; x_wconf 88' lang='lat' dir='ltr'>operam</span> <span class='ocrx_word' id='word_1_78' title='bbox 566 1430 721 1492; x_wconf 89' lang='lat' dir='ltr'>dederunt.</span> <span class='ocrx_word' id='word_1_79' title='bbox 763 1447 818 1509; x_wconf 92' lang='lat' dir='ltr'>pro</span> <span class='ocrx_word' id='word_1_80' title='bbox 847 1445 905 1507; x_wconf 92' lang='lat' dir='ltr'>qua</span> <span class='ocrx_word' id='word_1_81' title='bbox 936 1425 1007 1506; x_wconf 88' lang='lat' dir='ltr'>quid</span> <span class='ocrx_word' id='word_1_82' title='bbox 1034 1445 1211 1507; x_wconf 89' lang='lat' dir='ltr'>reponerem</span> <span class='ocrx_word' id='word_1_83' title='bbox 1240 1428 1297 1490; x_wconf 90' lang='lat' dir='ltr'>etsi</span> <span class='ocrx_word' id='word_1_84' title='bbox 1325 1428 1380 1490; x_wconf 90' lang='lat' dir='ltr'>diu</span> 
     </span>
     <span class='ocr_line' id='line_1_11' title="bbox 271 1527 1379 1615; baseline -0.003 -19"><span class='ocrx_word' id='word_1_85' title='bbox 271 1535 459 1615; x_wconf 88' lang='lat' dir='ltr'>multumque</span> <span class='ocrx_word' id='word_1_86' title='bbox 495 1532 626 1613; x_wconf 84' lang='lat' dir='ltr'>cogitavi</span> <span class='ocrx_word' id='word_1_87' title='bbox 655 1552 716 1593; x_wconf 92' lang='lat' dir='ltr'>non</span> <span class='ocrx_word' id='word_1_88' title='bbox 742 1531 851 1592; x_wconf 87' lang='lat' dir='ltr'>inveni</span> <span class='ocrx_word' id='word_1_89' title='bbox 896 1527 1036 1609; x_wconf 89' lang='lat' dir='ltr'>quidquid</span> <span class='ocrx_word' id='word_1_90' title='bbox 1064 1532 1165 1592; x_wconf 88' lang='lat' dir='ltr'>autem</span> <span class='ocrx_word' id='word_1_91' title='bbox 1187 1530 1379 1610; x_wconf 76' lang='lat' dir='ltr'>rescribetur,</span> 
     </span>
     <span class='ocr_line' id='line_1_12' title="bbox 271 1633 1381 1719; baseline -0.003 -21"><span class='ocrx_word' id='word_1_92' title='bbox 271 1637 328 1698; x_wconf 89' lang='lat' dir='ltr'>hos</span> <span class='ocrx_word' id='word_1_93' title='bbox 348 1657 466 1719; x_wconf 92' lang='lat' dir='ltr'>quoque</span> <span class='ocrx_word' id='word_1_94' title='bbox 487 1657 595 1700; x_wconf 81' lang='lat' dir='ltr'>versus</span> <span class='ocrx_word' id='word_1_95' title='bbox 610 1635 766 1698; x_wconf 89' lang='lat' dir='ltr'>Valerium</span> <span class='ocrx_word' id='word_1_96' title='bbox 788 1654 864 1716; x_wconf 91' lang='lat' dir='ltr'>opus</span> <span class='ocrx_word' id='word_1_97' title='bbox 877 1652 965 1694; x_wconf 87' lang='lat' dir='ltr'>suum</span> <span class='ocrx_word' id='word_1_98' title='bbox 983 1634 1195 1696; x_wconf 86' lang='lat' dir='ltr'>retractantem</span> <span class='ocrx_word' id='word_1_99' title='bbox 1210 1633 1381 1695; x_wconf 89' lang='lat' dir='ltr'>deleturum</span> 
     </span>
     <span class='ocr_line' id='line_1_13' title="bbox 272 1735 1381 1821; baseline -0.001 -21"><span class='ocrx_word' id='word_1_100' title='bbox 272 1738 366 1800; x_wconf 78' lang='lat' dir='ltr'>fuisse</span> <span class='ocrx_word' id='word_1_101' title='bbox 388 1759 442 1821; x_wconf 93' lang='lat' dir='ltr'>pro</span> <span class='ocrx_word' id='word_1_102' title='bbox 470 1743 552 1802; x_wconf 88' lang='lat' dir='ltr'>certo</span> <span class='ocrx_word' id='word_1_103' title='bbox 579 1740 682 1802; x_wconf 91' lang='lat' dir='ltr'>habeo.</span> <span class='ocrx_word' id='word_1_104' title='bbox 725 1757 905 1820; x_wconf 90' lang='lat' dir='ltr'>quamquam</span> <span class='ocrx_word' id='word_1_105' title='bbox 934 1735 1014 1797; x_wconf 87' lang='lat' dir='ltr'>enirn</span> <span class='ocrx_word' id='word_1_106' title='bbox 1041 1738 1111 1818; x_wconf 89' lang='lat' dir='ltr'>quid</span> <span class='ocrx_word' id='word_1_107' title='bbox 1137 1737 1268 1800; x_wconf 79' lang='lat' dir='ltr'>uoluerit</span> <span class='ocrx_word' id='word_1_108' title='bbox 1287 1740 1381 1819; x_wconf 88' lang='lat' dir='ltr'>poeta</span> 
     </span>
     <span class='ocr_line' id='line_1_14' title="bbox 272 1841 1380 1926; baseline -0.004 -21"><span class='ocrx_word' id='word_1_109' title='bbox 272 1846 397 1924; x_wconf 88' lang='lat' dir='ltr'>propter</span> <span class='ocrx_word' id='word_1_110' title='bbox 418 1845 590 1926; x_wconf 89' lang='lat' dir='ltr'>corruptam</span> <span class='ocrx_word' id='word_1_111' title='bbox 603 1844 747 1904; x_wconf 89' lang='lat' dir='ltr'>librorum</span> <span class='ocrx_word' id='word_1_112' title='bbox 760 1841 933 1903; x_wconf 86' lang='lat' dir='ltr'>memoriam</span> <span class='ocrx_word' id='word_1_113' title='bbox 946 1857 1007 1899; x_wconf 89' lang='lat' dir='ltr'>nou</span> <span class='ocrx_word' id='word_1_114' title='bbox 1025 1858 1150 1918; x_wconf 89' lang='lat' dir='ltr'>prorsus</span> <span class='ocrx_word' id='word_1_115' title='bbox 1162 1841 1265 1922; x_wconf 89' lang='lat' dir='ltr'>liquet,</span> <span class='ocrx_word' id='word_1_116' title='bbox 1285 1859 1380 1904; x_wconf 90' lang='lat' dir='ltr'>unum</span> 
     </span>
     <span class='ocr_line' id='line_1_15' title="bbox 273 1943 1381 2029; baseline 0 -23"><span class='ocrx_word' id='word_1_117' title='bbox 273 1950 374 2006; x_wconf 90' lang='lat' dir='ltr'>tamen</span> <span class='ocrx_word' id='word_1_118' title='bbox 394 1946 584 2008; x_wconf 79' lang='lat' dir='ltr'>manifestum</span> <span class='ocrx_word' id='word_1_119' title='bbox 607 1949 671 2021; x_wconf 88' lang='lat' dir='ltr'>est,</span> <span class='ocrx_word' id='word_1_120' title='bbox 698 1966 758 2029; x_wconf 76' lang='lat' dir='ltr'>nqp</span> <span class='ocrx_word' id='word_1_121' title='bbox 783 1945 884 2006; x_wconf 87' lang='lat' dir='ltr'>minus</span> <span class='ocrx_word' id='word_1_122' title='bbox 909 1943 1016 2003; x_wconf 86' lang='lat' dir='ltr'>falsam</span> <span class='ocrx_word' id='word_1_123' title='bbox 1038 1960 1107 2003; x_wconf 87' lang='lat' dir='ltr'>esse</span> <span class='ocrx_word' id='word_1_124' title='bbox 1129 1944 1206 2005; x_wconf 90' lang='lat' dir='ltr'>hanc</span> <span class='ocrx_word' id='word_1_125' title='bbox 1227 1962 1381 2025; x_wconf 88' lang='lat' dir='ltr'>compara-</span> 
     </span>
     <span class='ocr_line' id='line_1_16' title="bbox 273 2035 1381 2132; baseline -0.002 -22"><span class='ocrx_word' id='word_1_126' title='bbox 273 2050 400 2128; x_wconf 88' lang='lat' dir='ltr'>tionem,</span> <span class='ocrx_word' id='word_1_127' title='bbox 422 2070 512 2130; x_wconf 89' lang='lat' dir='ltr'>quam</span> <span class='ocrx_word' id='word_1_128' title='bbox 531 2051 599 2113; x_wconf 88' lang='lat' dir='ltr'>illas</span> <span class='ocrx_word' id='word_1_129' title='bbox 620 2069 695 2132; x_wconf 86' lang='lat' dir='ltr'>quas</span> <span class='ocrx_word' id='word_1_130' title='bbox 717 2035 821 2108; x_wconf 66' lang='lat' dir='ltr'>e¹libro</span> <span class='ocrx_word' id='word_1_131' title='bbox 836 2046 924 2107; x_wconf 87' lang='lat' dir='ltr'>sexto</span> <span class='ocrx_word' id='word_1_132' title='bbox 939 2045 1027 2104; x_wconf 89' lang='lat' dir='ltr'>modo</span> <span class='ocrx_word' id='word_1_133' title='bbox 1038 2045 1149 2106; x_wconf 85' lang='lat' dir='ltr'>notavi.</span> <span class='ocrx_word' id='word_1_134' title='bbox 1186 2045 1381 2128; x_wconf 88' lang='lat' dir='ltr'>nequeenim</span> 
     </span>
     <span class='ocr_line' id='line_1_17' title="bbox 274 2147 1383 2229; baseline -0.002 -15"><span class='ocrx_word' id='word_1_135' title='bbox 274 2152 365 2214; x_wconf 90' lang='lat' dir='ltr'>Iason</span> <span class='ocrx_word' id='word_1_136' title='bbox 387 2171 406 2214; x_wconf 91' lang='lat' dir='ltr'>a</span> <span class='ocrx_word' id='word_1_137' title='bbox 433 2153 521 2215; x_wconf 88' lang='lat' dir='ltr'>sociis</span> <span class='ocrx_word' id='word_1_138' title='bbox 550 2155 613 2216; x_wconf 90' lang='lat' dir='ltr'>suis</span> <span class='ocrx_word' id='word_1_139' title='bbox 635 2153 774 2216; x_wconf 89' lang='lat' dir='ltr'>desertus</span> <span class='ocrx_word' id='word_1_140' title='bbox 796 2169 833 2210; x_wconf 91' lang='lat' dir='ltr'>ca</span> <span class='ocrx_word' id='word_1_141' title='bbox 858 2149 1042 2224; x_wconf 88' lang='lat' dir='ltr'>illustratur,</span> <span class='ocrx_word' id='word_1_142' title='bbox 1072 2149 1127 2209; x_wconf 89' lang='lat' dir='ltr'>sed</span> <span class='ocrx_word' id='word_1_143' title='bbox 1147 2147 1238 2210; x_wconf 91' lang='lat' dir='ltr'>Iason</span> <span class='ocrx_word' id='word_1_144' title='bbox 1261 2150 1327 2229; x_wconf 90' lang='lat' dir='ltr'>igni</span> <span class='ocrx_word' id='word_1_145' title='bbox 1349 2154 1383 2212; x_wconf 90' lang='lat' dir='ltr'>et</span> 
     </span>
     <span class='ocr_line' id='line_1_18' title="bbox 273 2239 1382 2336; baseline -0.002 -20"><span class='ocrx_word' id='word_1_146' title='bbox 273 2254 355 2317; x_wconf 85' lang='lat' dir='ltr'>fumo</span> <span class='ocrx_word' id='word_1_147' title='bbox 382 2258 537 2322; x_wconf 83' lang='lat' dir='ltr'>tauromnn</span> <span class='ocrx_word' id='word_1_148' title='bbox 569 2258 692 2320; x_wconf 88' lang='lat' dir='ltr'>naribus</span> <span class='ocrx_word' id='word_1_149' title='bbox 723 2252 857 2336; x_wconf 87' lang='lat' dir='ltr'>proflatis</span> <span class='ocrx_word' id='word_1_150' title='bbox 885 2251 1054 2326; x_wconf 87' lang='lat' dir='ltr'>involutns;</span> <span class='ocrx_word' id='word_1_151' title='bbox 1090 2255 1125 2313; x_wconf 90' lang='lat' dir='ltr'>nt</span> <span class='ocrx_word' id='word_1_152' title='bbox 1154 2254 1245 2333; x_wconf 90' lang='lat' dir='ltr'>poeta</span> <span class='ocrx_word' id='word_1_153' title='bbox 1272 2239 1382 2316; x_wconf 83' lang='lat' dir='ltr'>vitiose</span> 
     </span>
     <span class='ocr_line' id='line_1_19' title="bbox 274 2355 1382 2443; baseline -0.001 -24"><span class='ocrx_word' id='word_1_154' title='bbox 274 2359 477 2440; x_wconf 81' lang='lat' dir='ltr'>praeceperit,</span> <span class='ocrx_word' id='word_1_155' title='bbox 505 2381 581 2443; x_wconf 87' lang='lat' dir='ltr'>quae</span> <span class='ocrx_word' id='word_1_156' title='bbox 609 2363 641 2424; x_wconf 91' lang='lat' dir='ltr'>in</span> <span class='ocrx_word' id='word_1_157' title='bbox 670 2362 707 2424; x_wconf 93' lang='lat' dir='ltr'>iis</span> <span class='ocrx_word' id='word_1_158' title='bbox 730 2359 850 2418; x_wconf 90' lang='lat' dir='ltr'>demum</span> <span class='ocrx_word' id='word_1_159' title='bbox 873 2355 922 2436; x_wconf 89' lang='lat' dir='ltr'>qui</span> <span class='ocrx_word' id='word_1_160' title='bbox 944 2357 1087 2416; x_wconf 90' lang='lat' dir='ltr'>secuntur</span> <span class='ocrx_word' id='word_1_161' title='bbox 1108 2355 1248 2417; x_wconf 79' lang='lat' dir='ltr'>versibus</span> <span class='ocrx_word' id='word_1_162' title='bbox 1270 2355 1382 2418; x_wconf 90' lang='lat' dir='ltr'>descri-</span> 
     </span>
     <span class='ocr_line' id='line_1_20' title="bbox 275 2462 480 2539; baseline 0.02 -19"><span class='ocrx_word' id='word_1_163' title='bbox 275 2462 424 2539; x_wconf 86' lang='lat' dir='ltr'>pturuse</span> <span class='ocrx_word' id='word_1_164' title='bbox 459 2465 480 2524; x_wconf 88' lang='lat' dir='ltr'>t.</span> 
     </span>
    </p>

    <p class='ocr_par' dir='ltr' id='par_1_3' title="bbox 275 2560 1424 3263">
     <span class='ocr_line' id='line_1_21' title="bbox 379 2560 1382 2644; baseline 0.002 -19"><span class='ocrx_word' id='word_1_165' title='bbox 379 2561 421 2625; x_wconf 90' lang='lat' dir='ltr'>Ut</span> <span class='ocrx_word' id='word_1_166' title='bbox 439 2565 573 2626; x_wconf 78' lang='lat' dir='ltr'>breviter</span> <span class='ocrx_word' id='word_1_167' title='bbox 593 2564 857 2644; x_wconf 88' lang='lat' dir='ltr'>comprehendam,</span> <span class='ocrx_word' id='word_1_168' title='bbox 876 2561 947 2641; x_wconf 88' lang='lat' dir='ltr'>quid</span> <span class='ocrx_word' id='word_1_169' title='bbox 966 2561 1023 2622; x_wconf 90' lang='lat' dir='ltr'>hac</span> <span class='ocrx_word' id='word_1_170' title='bbox 1045 2560 1248 2641; x_wconf 89' lang='lat' dir='ltr'>disputatione</span> <span class='ocrx_word' id='word_1_171' title='bbox 1261 2563 1382 2626; x_wconf 88' lang='lat' dir='ltr'>efficere</span> 
     </span>
     <span class='ocr_line' id='line_1_22' title="bbox 275 2662 1382 2747; baseline 0.005 -23"><span class='ocrx_word' id='word_1_172' title='bbox 275 2665 436 2743; x_wconf 88' lang='lat' dir='ltr'>voluerim,</span> <span class='ocrx_word' id='word_1_173' title='bbox 466 2685 533 2728; x_wconf 88' lang='lat' dir='ltr'>cnm</span> <span class='ocrx_word' id='word_1_174' title='bbox 561 2667 685 2728; x_wconf 82' lang='lat' dir='ltr'>octavus</span> <span class='ocrx_word' id='word_1_175' title='bbox 713 2666 790 2726; x_wconf 88' lang='lat' dir='ltr'>liber</span> <span class='ocrx_word' id='word_1_176' title='bbox 817 2665 910 2725; x_wconf 90' lang='lat' dir='ltr'>multo</span> <span class='ocrx_word' id='word_1_177' title='bbox 938 2662 1041 2743; x_wconf 88' lang='lat' dir='ltr'>plures</span> <span class='ocrx_word' id='word_1_178' title='bbox 1066 2662 1382 2747; x_wconf 84' lang='lat' dir='ltr'>habeatoffensiones,</span> 
     </span>
     <span class='ocr_line' id='line_1_23' title="bbox 276 2767 1384 2850; baseline 0.005 -22"><span class='ocrx_word' id='word_1_179' title='bbox 276 2786 365 2847; x_wconf 84' lang='lat' dir='ltr'>quarn</span> <span class='ocrx_word' id='word_1_180' title='bbox 385 2770 478 2832; x_wconf 88' lang='lat' dir='ltr'>ceteri</span> <span class='ocrx_word' id='word_1_181' title='bbox 497 2771 613 2850; x_wconf 88' lang='lat' dir='ltr'>septem</span> <span class='ocrx_word' id='word_1_182' title='bbox 634 2767 790 2849; x_wconf 89' lang='lat' dir='ltr'>ultimique</span> <span class='ocrx_word' id='word_1_183' title='bbox 813 2767 878 2828; x_wconf 88' lang='lat' dir='ltr'>eius</span> <span class='ocrx_word' id='word_1_184' title='bbox 898 2786 1007 2830; x_wconf 88' lang='lat' dir='ltr'>versus</span> <span class='ocrx_word' id='word_1_185' title='bbox 1030 2769 1104 2830; x_wconf 91' lang='lat' dir='ltr'>adeo</span> <span class='ocrx_word' id='word_1_186' title='bbox 1126 2786 1186 2828; x_wconf 92' lang='lat' dir='ltr'>non</span> <span class='ocrx_word' id='word_1_187' title='bbox 1202 2769 1384 2833; x_wconf 78' lang='lat' dir='ltr'>cohaereant</span> 
     </span>
     <span class='ocr_line' id='line_1_24' title="bbox 275 2869 1382 2952; baseline 0.005 -22"><span class='ocrx_word' id='word_1_188' title='bbox 275 2869 356 2932; x_wconf 89' lang='lat' dir='ltr'>inter</span> <span class='ocrx_word' id='word_1_189' title='bbox 377 2891 410 2934; x_wconf 89' lang='lat' dir='ltr'>se</span> <span class='ocrx_word' id='word_1_190' title='bbox 432 2908 476 2918; x_wconf 94' lang='lat'>-</span> <span class='ocrx_word' id='word_1_191' title='bbox 497 2892 568 2934; x_wconf 89' lang='lat' dir='ltr'>narn</span> <span class='ocrx_word' id='word_1_192' title='bbox 589 2872 669 2934; x_wconf 86' lang='lat' dir='ltr'>inter</span> <span class='ocrx_word' id='word_1_193' title='bbox 689 2891 798 2934; x_wconf 83' lang='lat' dir='ltr'>versus</span> <span class='ocrx_word' id='word_1_194' title='bbox 822 2874 886 2932; x_wconf 79' lang='lat'>457</span> <span class='ocrx_word' id='word_1_195' title='bbox 916 2873 947 2932; x_wconf 90' lang='lat' dir='ltr'>et</span> <span class='ocrx_word' id='word_1_196' title='bbox 967 2873 1031 2932; x_wconf 83' lang='lat'>458</span> <span class='ocrx_word' id='word_1_197' title='bbox 1052 2890 1169 2952; x_wconf 92' lang='lat' dir='ltr'>quoque</span> <span class='ocrx_word' id='word_1_198' title='bbox 1191 2870 1382 2936; x_wconf 89' lang='lat' dir='ltr'>desideratur</span> 
     </span>
     <span class='ocr_line' id='line_1_25' title="bbox 277 2974 1382 3055; baseline 0.005 -23"><span class='ocrx_word' id='word_1_199' title='bbox 277 2974 495 3038; x_wconf 89' lang='lat' dir='ltr'>sententiarum</span> <span class='ocrx_word' id='word_1_200' title='bbox 523 2975 702 3036; x_wconf 86' lang='lat' dir='ltr'>continuitas</span> <span class='ocrx_word' id='word_1_201' title='bbox 732 3009 784 3051; x_wconf 91' lang='lat'>-,</span> <span class='ocrx_word' id='word_1_202' title='bbox 814 2977 889 3035; x_wconf 90' lang='lat' dir='ltr'>uta</span> <span class='ocrx_word' id='word_1_203' title='bbox 919 2977 1009 3055; x_wconf 89' lang='lat' dir='ltr'>poeta</span> <span class='ocrx_word' id='word_1_204' title='bbox 1039 2993 1099 3035; x_wconf 91' lang='lat' dir='ltr'>non</span> <span class='ocrx_word' id='word_1_205' title='bbox 1131 2977 1194 3035; x_wconf 90' lang='lat' dir='ltr'>tam</span> <span class='ocrx_word' id='word_1_206' title='bbox 1219 2975 1382 3054; x_wconf 81' lang='lat' dir='ltr'>diligenter</span> 
     </span>
     <span class='ocr_line' id='line_1_26' title="bbox 275 3075 1381 3158; baseline 0.003 -20"><span class='ocrx_word' id='word_1_207' title='bbox 275 3075 421 3139; x_wconf 86' lang='lat' dir='ltr'>elaborati</span> <span class='ocrx_word' id='word_1_208' title='bbox 442 3097 531 3158; x_wconf 88' lang='lat' dir='ltr'>quarn</span> <span class='ocrx_word' id='word_1_209' title='bbox 552 3078 706 3140; x_wconf 81' lang='lat' dir='ltr'>festinanti</span> <span class='ocrx_word' id='word_1_210' title='bbox 726 3095 817 3138; x_wconf 90' lang='lat' dir='ltr'>manu</span> <span class='ocrx_word' id='word_1_211' title='bbox 841 3077 912 3140; x_wconf 91' lang='lat' dir='ltr'>iacti</span> <span class='ocrx_word' id='word_1_212' title='bbox 933 3087 1001 3140; x_wconf 79' lang='lat' dir='ltr'>e‘sse</span> <span class='ocrx_word' id='word_1_213' title='bbox 1021 3076 1196 3155; x_wconf 83' lang='lat' dir='ltr'>rideantur,</span> <span class='ocrx_word' id='word_1_214' title='bbox 1225 3078 1381 3140; x_wconf 85' lang='lat' dir='ltr'>Valerium</span> 
     </span>
     <span class='ocr_line' id='line_1_27' title="bbox 276 3177 1424 3263; baseline -0.001 -24"><span class='ocrx_word' id='word_1_215' title='bbox 276 3177 483 3259; x_wconf 85' lang='lat' dir='ltr'>Argonautica</span> <span class='ocrx_word' id='word_1_216' title='bbox 503 3202 564 3244; x_wconf 93' lang='lat' dir='ltr'>non</span> <span class='ocrx_word' id='word_1_217' title='bbox 585 3182 765 3263; x_wconf 82' lang='lat' dir='ltr'>perfecisse,</span> <span class='ocrx_word' id='word_1_218' title='bbox 790 3182 849 3243; x_wconf 91' lang='lat' dir='ltr'>etsi</span> <span class='ocrx_word' id='word_1_219' title='bbox 878 3200 933 3262; x_wconf 89' lang='lat' dir='ltr'>pro</span> <span class='ocrx_word' id='word_1_220' title='bbox 956 3183 1037 3241; x_wconf 85' lang='lat' dir='ltr'>certo</span> <span class='ocrx_word' id='word_1_221' title='bbox 1058 3180 1116 3242; x_wconf 92' lang='lat' dir='ltr'>dici</span> <span class='ocrx_word' id='word_1_222' title='bbox 1137 3185 1284 3261; x_wconf 86' lang='lat' dir='ltr'>nequeat,</span> <span class='ocrx_word' id='word_1_223' title='bbox 1313 3185 1381 3246; x_wconf 82' lang='lat' dir='ltr'>veri</span> <span class='ocrx_word' id='word_1_224' title='bbox 1419 3229 1424 3238; x_wconf 90' lang='lat'>.</span> 
     </span>
    </p>
   </div>
   <div class='ocr_carea' id='block_1_3' title="bbox 274 3385 1381 4395">
    <p class='ocr_par' dir='ltr' id='par_1_4' title="bbox 274 3385 1381 4395">
     <span class='ocr_line' id='line_1_28' title="bbox 380 3385 1381 3455; baseline 0.003 -16"><span class='ocrx_word' id='word_1_225' title='bbox 380 3389 408 3455; x_wconf 73' lang='lat'>⁴¹)</span> <span class='ocrx_word' id='word_1_226' title='bbox 427 3391 489 3440; x_wconf 89' lang='lat' dir='ltr'>haec</span> <span class='ocrx_word' id='word_1_227' title='bbox 505 3393 563 3442; x_wconf 83' lang='lat' dir='ltr'>suut</span> <span class='ocrx_word' id='word_1_228' title='bbox 580 3390 634 3440; x_wconf 88' lang='lat' dir='ltr'>eius</span> <span class='ocrx_word' id='word_1_229' title='bbox 653 3389 743 3441; x_wconf 86' lang='lat' dir='ltr'>verba:</span> <span class='ocrx_word' id='word_1_230' title='bbox 759 3385 846 3439; x_wconf 84' lang='lat' dir='ltr'>‘Iason</span> <span class='ocrx_word' id='word_1_231' title='bbox 865 3404 881 3438; x_wconf 87' lang='lat' dir='ltr'>a</span> <span class='ocrx_word' id='word_1_232' title='bbox 897 3389 950 3438; x_wconf 87' lang='lat' dir='ltr'>suis</span> <span class='ocrx_word' id='word_1_233' title='bbox 968 3386 1038 3436; x_wconf 87' lang='lat' dir='ltr'>solus</span> <span class='ocrx_word' id='word_1_234' title='bbox 1052 3387 1194 3453; x_wconf 85' lang='lat' dir='ltr'>destitutus,</span> <span class='ocrx_word' id='word_1_235' title='bbox 1212 3391 1241 3438; x_wconf 84' lang='lat' dir='ltr'>ut</span> <span class='ocrx_word' id='word_1_236' title='bbox 1251 3388 1381 3454; x_wconf 79' lang='lat' dir='ltr'>depugnat</span> 
     </span>
     <span class='ocr_line' id='line_1_29' title="bbox 275 3471 1381 3542; baseline 0.005 -22"><span class='ocrx_word' id='word_1_237' title='bbox 275 3487 332 3522; x_wconf 88' lang='lat' dir='ltr'>oum</span> <span class='ocrx_word' id='word_1_238' title='bbox 348 3475 443 3538; x_wconf 87' lang='lat' dir='ltr'>tauris,</span> <span class='ocrx_word' id='word_1_239' title='bbox 462 3479 622 3542; x_wconf 84' lang='lat' dir='ltr'>comparatur</span> <span class='ocrx_word' id='word_1_240' title='bbox 640 3475 772 3540; x_wconf 87' lang='lat' dir='ltr'>plaustro,</span> <span class='ocrx_word' id='word_1_241' title='bbox 791 3475 858 3540; x_wconf 88' lang='lat' dir='ltr'>quod</span> <span class='ocrx_word' id='word_1_242' title='bbox 878 3471 1020 3524; x_wconf 87' lang='lat' dir='ltr'>solitarium</span> <span class='ocrx_word' id='word_1_243' title='bbox 1037 3476 1062 3522; x_wconf 88' lang='lat' dir='ltr'>et</span> <span class='ocrx_word' id='word_1_244' title='bbox 1078 3487 1130 3523; x_wconf 90' lang='lat' dir='ltr'>non</span> <span class='ocrx_word' id='word_1_245' title='bbox 1148 3474 1297 3524; x_wconf 88' lang='lat' dir='ltr'>movendum</span> <span class='ocrx_word' id='word_1_246' title='bbox 1318 3477 1381 3526; x_wconf 86' lang='lat' dir='ltr'>hae-</span> 
     </span>
     <span class='ocr_line' id='line_1_30' title="bbox 275 3556 1381 3638; baseline 0.007 -32"><span class='ocrx_word' id='word_1_247' title='bbox 275 3556 310 3607; x_wconf 86' lang='lat' dir='ltr'>sit</span> <span class='ocrx_word' id='word_1_248' title='bbox 329 3558 375 3607; x_wconf 88' lang='lat' dir='ltr'>sub</span> <span class='ocrx_word' id='word_1_249' title='bbox 391 3575 522 3624; x_wconf 87' lang='lat' dir='ltr'>vesperam</span> <span class='ocrx_word' id='word_1_250' title='bbox 545 3559 573 3610; x_wconf 92' lang='lat' dir='ltr'>in</span> <span class='ocrx_word' id='word_1_251' title='bbox 590 3574 665 3623; x_wconf 88' lang='lat' dir='ltr'>agro,</span> <span class='ocrx_word' id='word_1_252' title='bbox 693 3558 753 3610; x_wconf 88' lang='lat' dir='ltr'>dnm</span> <span class='ocrx_word' id='word_1_253' title='bbox 775 3560 868 3626; x_wconf 91' lang='lat' dir='ltr'>reliqui</span> <span class='ocrx_word' id='word_1_254' title='bbox 890 3573 992 3622; x_wconf 70' lang='lat' dir='ltr'>eunus,</span> <span class='ocrx_word' id='word_1_255' title='bbox 1018 3557 1121 3622; x_wconf 85' lang='lat' dir='ltr'>aurigae</span> <span class='ocrx_word' id='word_1_256' title='bbox 1132 3564 1171 3638; x_wconf 66' lang='lat' dir='ltr'>⁸et</span> <span class='ocrx_word' id='word_1_257' title='bbox 1190 3560 1313 3611; x_wconf 84' lang='lat' dir='ltr'>veredarii</span> <span class='ocrx_word' id='word_1_258' title='bbox 1331 3561 1381 3614; x_wconf 87' lang='lat' dir='ltr'>iter</span> 
     </span>
     <span class='ocr_line' id='line_1_31' title="bbox 276 3643 1381 3708; baseline 0.005 -16"><span class='ocrx_word' id='word_1_259' title='bbox 276 3643 393 3693; x_wconf 88' lang='lat' dir='ltr'>suumin</span> <span class='ocrx_word' id='word_1_260' title='bbox 407 3645 561 3696; x_wconf 88' lang='lat' dir='ltr'>mansionem</span> <span class='ocrx_word' id='word_1_261' title='bbox 578 3646 751 3708; x_wconf 87' lang='lat' dir='ltr'>perrexerunt.</span> <span class='ocrx_word' id='word_1_262' title='bbox 781 3646 883 3696; x_wconf 88' lang='lat' dir='ltr'>Poetioe</span> <span class='ocrx_word' id='word_1_263' title='bbox 902 3649 986 3695; x_wconf 89' lang='lat' dir='ltr'>antem</span> <span class='ocrx_word' id='word_1_264' title='bbox 1004 3659 1105 3694; x_wconf 88' lang='lat' dir='ltr'>eausam</span> <span class='ocrx_word' id='word_1_265' title='bbox 1122 3645 1195 3695; x_wconf 87' lang='lat' dir='ltr'>istius</span> <span class='ocrx_word' id='word_1_266' title='bbox 1214 3645 1253 3695; x_wconf 89' lang='lat' dir='ltr'>rei</span> <span class='ocrx_word' id='word_1_267' title='bbox 1265 3645 1322 3696; x_wconf 89' lang='lat' dir='ltr'>dat:</span> <span class='ocrx_word' id='word_1_268' title='bbox 1339 3648 1381 3698; x_wconf 84' lang='lat' dir='ltr'>vel</span> 
     </span>
     <span class='ocr_line' id='line_1_32' title="bbox 276 3728 1381 3798; baseline 0.004 -19"><span class='ocrx_word' id='word_1_269' title='bbox 276 3728 343 3779; x_wconf 87' lang='lat' dir='ltr'>enirn</span> <span class='ocrx_word' id='word_1_270' title='bbox 364 3729 412 3780; x_wconf 90' lang='lat' dir='ltr'>hoc</span> <span class='ocrx_word' id='word_1_271' title='bbox 434 3728 527 3780; x_wconf 89' lang='lat' dir='ltr'>accidit</span> <span class='ocrx_word' id='word_1_272' title='bbox 543 3728 571 3776; x_wconf 89' lang='lat' dir='ltr'>in</span> <span class='ocrx_word' id='word_1_273' title='bbox 588 3729 671 3792; x_wconf 87' lang='lat' dir='ltr'>agris,</span> <span class='ocrx_word' id='word_1_274' title='bbox 694 3734 770 3796; x_wconf 86' lang='lat' dir='ltr'>puta,</span> <span class='ocrx_word' id='word_1_275' title='bbox 789 3731 934 3798; x_wconf 84' lang='lat' dir='ltr'>Cyrenaicis</span> <span class='ocrx_word' id='word_1_276' title='bbox 952 3748 1038 3782; x_wconf 89' lang='lat' dir='ltr'>versus</span> <span class='ocrx_word' id='word_1_277' title='bbox 1056 3731 1195 3782; x_wconf 88' lang='lat' dir='ltr'>austrinum</span> <span class='ocrx_word' id='word_1_278' title='bbox 1213 3729 1313 3796; x_wconf 88' lang='lat' dir='ltr'>polum,</span> <span class='ocrx_word' id='word_1_279' title='bbox 1333 3749 1381 3798; x_wconf 89' lang='lat' dir='ltr'>per</span> 
     </span>
     <span class='ocr_line' id='line_1_33' title="bbox 276 3814 1380 3888; baseline 0.004 -24"><span class='ocrx_word' id='word_1_280' title='bbox 276 3815 397 3865; x_wconf 84' lang='lat' dir='ltr'>excitatos</span> <span class='ocrx_word' id='word_1_281' title='bbox 419 3814 503 3864; x_wconf 89' lang='lat' dir='ltr'>subito</span> <span class='ocrx_word' id='word_1_282' title='bbox 520 3830 652 3864; x_wconf 86' lang='lat' dir='ltr'>arenarum</span> <span class='ocrx_word' id='word_1_283' title='bbox 670 3815 795 3880; x_wconf 86' lang='lat' dir='ltr'>cumulos,</span> <span class='ocrx_word' id='word_1_284' title='bbox 808 3817 858 3888; x_wconf 85' lang='lat' dir='ltr'>¹vel</span> <span class='ocrx_word' id='word_1_285' title='bbox 884 3823 972 3868; x_wconf 84' lang='lat' dir='ltr'>contra</span> <span class='ocrx_word' id='word_1_286' title='bbox 995 3833 1041 3882; x_wconf 90' lang='lat' dir='ltr'>per</span> <span class='ocrx_word' id='word_1_287' title='bbox 1066 3818 1149 3868; x_wconf 85' lang='lat' dir='ltr'>nivem</span> <span class='ocrx_word' id='word_1_288' title='bbox 1167 3819 1192 3867; x_wconf 88' lang='lat' dir='ltr'>et</span> <span class='ocrx_word' id='word_1_289' title='bbox 1210 3815 1316 3880; x_wconf 85' lang='lat' dir='ltr'>glaciem</span> <span class='ocrx_word' id='word_1_290' title='bbox 1333 3818 1380 3868; x_wconf 87' lang='lat' dir='ltr'>sub</span> 
     </span>
     <span class='ocr_line' id='line_1_34' title="bbox 276 3892 1381 3967; baseline 0.002 -16"><span class='ocrx_word' id='word_1_291' title='bbox 276 3900 363 3967; x_wconf 88' lang='lat' dir='ltr'>polum</span> <span class='ocrx_word' id='word_1_292' title='bbox 381 3899 501 3950; x_wconf 84' lang='lat' dir='ltr'>arcticum</span> <span class='ocrx_word' id='word_1_293' title='bbox 518 3901 546 3950; x_wconf 92' lang='lat' dir='ltr'>in</span> <span class='ocrx_word' id='word_1_294' title='bbox 564 3901 659 3966; x_wconf 90' lang='lat' dir='ltr'>campis</span> <span class='ocrx_word' id='word_1_295' title='bbox 682 3900 812 3966; x_wconf 87' lang='lat' dir='ltr'>Rhipaeis.</span> <span class='ocrx_word' id='word_1_296' title='bbox 842 3906 911 3952; x_wconf 80' lang='lat' dir='ltr'>orbes</span> <span class='ocrx_word' id='word_1_297' title='bbox 929 3905 1032 3953; x_wconf 74' lang='lat' dir='ltr'>extremi</span> <span class='ocrx_word' id='word_1_298' title='bbox 1048 3892 1108 3954; x_wconf 75' lang='lat' dir='ltr'>sunt</span> <span class='ocrx_word' id='word_1_299' title='bbox 1124 3905 1206 3952; x_wconf 78' lang='lat' dir='ltr'>ultimi</span> <span class='ocrx_word' id='word_1_300' title='bbox 1224 3918 1329 3952; x_wconf 79' lang='lat' dir='ltr'>curras:</span> <span class='ocrx_word' id='word_1_301' title='bbox 1352 3903 1381 3953; x_wconf 88' lang='lat' dir='ltr'>in</span> 
     </span>
     <span class='ocr_line' id='line_1_35' title="bbox 274 3985 1380 4053; baseline 0.004 -18"><span class='ocrx_word' id='word_1_302' title='bbox 274 3985 332 4036; x_wconf 87' lang='lat' dir='ltr'>istis</span> <span class='ocrx_word' id='word_1_303' title='bbox 350 3986 416 4037; x_wconf 88' lang='lat' dir='ltr'>enim</span> <span class='ocrx_word' id='word_1_304' title='bbox 433 3985 581 4051; x_wconf 86' lang='lat' dir='ltr'>regionibus</span> <span class='ocrx_word' id='word_1_305' title='bbox 598 3987 674 4038; x_wconf 87' lang='lat' dir='ltr'>simul</span> <span class='ocrx_word' id='word_1_306' title='bbox 691 3985 765 4036; x_wconf 89' lang='lat' dir='ltr'>multi</span> <span class='ocrx_word' id='word_1_307' title='bbox 777 4001 863 4036; x_wconf 85' lang='lat' dir='ltr'>currus</span> <span class='ocrx_word' id='word_1_308' title='bbox 877 3988 926 4038; x_wconf 86' lang='lat' dir='ltr'>iter</span> <span class='ocrx_word' id='word_1_309' title='bbox 938 3987 1047 4053; x_wconf 83' lang='lat' dir='ltr'>faciunt,</span> <span class='ocrx_word' id='word_1_310' title='bbox 1064 4004 1219 4039; x_wconf 76' lang='lat' dir='ltr'>seraranan:</span> <span class='ocrx_word' id='word_1_311' title='bbox 1234 3989 1262 4038; x_wconf 90' lang='lat' dir='ltr'>in</span> <span class='ocrx_word' id='word_1_312' title='bbox 1274 3989 1380 4040; x_wconf 78' lang='lat' dir='ltr'>amtrali</span> 
     </span>
     <span class='ocr_line' id='line_1_36' title="bbox 275 4070 1381 4138; baseline 0.004 -18"><span class='ocrx_word' id='word_1_313' title='bbox 275 4071 380 4135; x_wconf 80' lang='lat' dir='ltr'>regione</span> <span class='ocrx_word' id='word_1_314' title='bbox 398 4087 473 4122; x_wconf 89' lang='lat' dir='ltr'>arena</span> <span class='ocrx_word' id='word_1_315' title='bbox 491 4087 591 4122; x_wconf 69' lang='lat' dir='ltr'>cunum</span> <span class='ocrx_word' id='word_1_316' title='bbox 605 4074 705 4121; x_wconf 64' lang='lat' dir='ltr'>metalla</span> <span class='ocrx_word' id='word_1_317' title='bbox 724 4070 741 4120; x_wconf 90' lang='lat' dir='ltr'>i.</span> <span class='ocrx_word' id='word_1_318' title='bbox 753 4086 774 4120; x_wconf 91' lang='lat' dir='ltr'>e.</span> <span class='ocrx_word' id='word_1_319' title='bbox 793 4074 887 4134; x_wconf 78' lang='lat' dir='ltr'>obruit,</span> <span class='ocrx_word' id='word_1_320' title='bbox 903 4071 931 4122; x_wconf 90' lang='lat' dir='ltr'>iu</span> <span class='ocrx_word' id='word_1_321' title='bbox 943 4073 1143 4138; x_wconf 84' lang='lat' dir='ltr'>septemtrionali</span> <span class='ocrx_word' id='word_1_322' title='bbox 1157 4073 1262 4138; x_wconf 88' lang='lat' dir='ltr'>regione</span> <span class='ocrx_word' id='word_1_323' title='bbox 1278 4087 1381 4124; x_wconf 84' lang='lat' dir='ltr'>currum</span> 
     </span>
     <span class='ocr_line' id='line_1_37' title="bbox 275 4145 1380 4225; baseline 0.005 -19"><span class='ocrx_word' id='word_1_324' title='bbox 275 4157 319 4206; x_wconf 88' lang='lat' dir='ltr'>nix</span> <span class='ocrx_word' id='word_1_325' title='bbox 338 4161 363 4208; x_wconf 91' lang='lat' dir='ltr'>et</span> <span class='ocrx_word' id='word_1_326' title='bbox 383 4145 477 4221; x_wconf 86' lang='lat' dir='ltr'>glacies</span> <span class='ocrx_word' id='word_1_327' title='bbox 494 4159 593 4207; x_wconf 65' lang='lat' dir='ltr'>wormio</span> <span class='ocrx_word' id='word_1_328' title='bbox 610 4165 634 4206; x_wconf 82' lang='lat' dir='ltr'>et</span> <span class='ocrx_word' id='word_1_329' title='bbox 651 4159 747 4206; x_wconf 80' lang='lat' dir='ltr'>obruit:</span> <span class='ocrx_word' id='word_1_330' title='bbox 772 4166 893 4206; x_wconf 77' lang='lat' dir='ltr'>extantem</span> <span class='ocrx_word' id='word_1_331' title='bbox 916 4163 999 4208; x_wconf 89' lang='lat' dir='ltr'>autem</span> <span class='ocrx_word' id='word_1_332' title='bbox 1018 4157 1126 4208; x_wconf 88' lang='lat' dir='ltr'>secundo</span> <span class='ocrx_word' id='word_1_333' title='bbox 1145 4158 1203 4209; x_wconf 93' lang='lat' dir='ltr'>loco</span> <span class='ocrx_word' id='word_1_334' title='bbox 1219 4158 1294 4223; x_wconf 87' lang='lat' dir='ltr'>dicit,</span> <span class='ocrx_word' id='word_1_335' title='bbox 1320 4161 1380 4225; x_wconf 91' lang='lat' dir='ltr'>quia</span> 
     </span>
     <span class='ocr_line' id='line_1_38' title="bbox 275 4240 1380 4309; baseline 0.005 -19"><span class='ocrx_word' id='word_1_336' title='bbox 275 4240 354 4306; x_wconf 84' lang='lat' dir='ltr'>plaga</span> <span class='ocrx_word' id='word_1_337' title='bbox 379 4242 592 4309; x_wconf 86' lang='lat' dir='ltr'>septemtrionalis</span> <span class='ocrx_word' id='word_1_338' title='bbox 615 4243 705 4307; x_wconf 88' lang='lat' dir='ltr'>altior,</span> <span class='ocrx_word' id='word_1_339' title='bbox 734 4246 760 4291; x_wconf 89' lang='lat' dir='ltr'>at</span> <span class='ocrx_word' id='word_1_340' title='bbox 785 4243 902 4293; x_wconf 87' lang='lat' dir='ltr'>australis</span> <span class='ocrx_word' id='word_1_341' title='bbox 932 4243 1009 4308; x_wconf 90' lang='lat' dir='ltr'>plaga</span> <span class='ocrx_word' id='word_1_342' title='bbox 1034 4243 1153 4308; x_wconf 86' lang='lat' dir='ltr'>depressa</span> <span class='ocrx_word' id='word_1_343' title='bbox 1181 4243 1292 4293; x_wconf 87' lang='lat' dir='ltr'>creditur</span> <span class='ocrx_word' id='word_1_344' title='bbox 1317 4259 1380 4295; x_wconf 86' lang='lat' dir='ltr'>esse.</span> 
     </span>
     <span class='ocr_line' id='line_1_39' title="bbox 274 4323 1304 4395; baseline -0.002 -15"><span class='ocrx_word' id='word_1_345' title='bbox 274 4327 374 4380; x_wconf 79' lang='lat' dir='ltr'>Altiora</span> <span class='ocrx_word' id='word_1_346' title='bbox 390 4329 507 4381; x_wconf 85' lang='lat' dir='ltr'>dicuutur</span> <span class='ocrx_word' id='word_1_347' title='bbox 526 4329 621 4394; x_wconf 88' lang='lat' dir='ltr'>passim</span> <span class='ocrx_word' id='word_1_348' title='bbox 639 4337 722 4378; x_wconf 78' lang='lat' dir='ltr'>extare</span> <span class='ocrx_word' id='word_1_349' title='bbox 730 4343 740 4388; x_wconf 90' lang='lat'>,·</span> <span class='ocrx_word' id='word_1_350' title='bbox 759 4343 847 4378; x_wconf 75' lang='lat' dir='ltr'>curm</span> <span class='ocrx_word' id='word_1_351' title='bbox 864 4336 929 4378; x_wconf 74' lang='lat' dir='ltr'>estat</span> <span class='ocrx_word' id='word_1_352' title='bbox 946 4331 979 4378; x_wconf 78' lang='lat' dir='ltr'>ud</span> <span class='ocrx_word' id='word_1_353' title='bbox 994 4343 1062 4378; x_wconf 77' lang='lat' dir='ltr'>areos</span> <span class='ocrx_word' id='word_1_354' title='bbox 1080 4328 1231 4395; x_wconf 87' lang='lat' dir='ltr'>conspicuus</span> <span class='ocrx_word' id='word_1_355' title='bbox 1250 4323 1304 4380; x_wconf 84' lang='lat' dir='ltr'>ost&#39;</span> 
     </span>
    </p>
   </div>
   <div class='ocr_carea' id='block_1_4' title="bbox 0 0 1557 4968">
    <p class='ocr_par' dir='ltr' id='par_1_5' title="bbox 0 0 1557 4968">
     <span class='ocr_line' id='line_1_40' title="bbox 0 0 1557 4968; baseline 0 0"><span class='ocrx_word' id='word_1_356' title='bbox 0 0 1557 4968; x_wconf 95' lang='lat' dir='ltr'> </span> 
     </span>
    </p>
   </div>
  </div>
 </body>
</html>
