3086 4968
245 436 315 478 mv
680 437 907 479 Paeanoomon

244 623 326 681 cam,
352 623 428 685 quae
453 603 563 666 Protea
592 621 661 666 cum
681 602 790 668 Cabiro
821 603 884 666 filia
911 623 951 665 ex
976 602 1121 686 Aegypto
1147 604 1290 667 Pallenen
1318 608 1352 667 et

245 705 384 770 Toronen
402 706 583 785 migrantem
604 707 744 770 comitata
770 708 803 768 in
821 707 969 769 Lemnum
989 707 1119 770 insulam
1140 708 1277 769 venisset
1296 709 1350 770 ibi·

245 829 305 890 que
332 810 508 872 mansisset:
537 811 621 874 ouius
651 810 811 873 commenti
838 815 947 893 poetae
971 810 1058 892 quasi
1077 830 1182 874 ansam
1202 813 1350 893 praebere

115 950 120 965 =
243 915 377 994 poterat,
407 913 488 992 quod
515 913 634 976 fabulae
662 915 701 976 de
726 913 835 1004 Cabiro
863 914 1055 976 circumlatae
1085 934 1153 976 oum
1181 916 1290 977 sabulis
1312 916 1351 976 de

244 1015 381 1078 Vulcano
404 1021 436 1078 et
460 1015 575 1077 Lemno
596 1017 696 1078 insula
716 1017 913 1098 frequentatis
940 1017 1091 1080 artissime
1119 1018 1280 1079 cohaerent
1302 1018 1350 1096 (o.

245 1117 360 1181 Preller
381 1119 491 1198 griech.
514 1119 641 1201 Mythol.
663 1119 682 1180 I
703 1141 731 1201 p.
754 1123 831 1198 477)
853 1122 885 1181 et
905 1121 985 1201 quod
1007 1122 1044 1182 ab
1066 1119 1192 1202 Hygino
1210 1120 1242 1180 in
1264 1139 1351 1202 prae·

244 1221 356 1283 satione
375 1221 492 1304 Polyxo
514 1224 660 1302 quaedam
680 1223 759 1284 inter
779 1224 928 1304 nymphas
950 1243 991 1284 ex
1012 1223 1107 1285 Ponto
1130 1226 1161 1285 et
1183 1223 1263 1286 Mari
1282 1244 1350 1305 pro·

245 1327 362 1386 creatas
390 1326 569 1386 nominatur.
608 1325 640 1386 id
667 1325 760 1405 igitur
788 1323 917 1388 fortasse
945 1345 1054 1404 versu,
1080 1347 1168 1408 quem
1193 1331 1264 1408 post
1287 1331 1349 1389 317

245 1428 372 1509 periisse
392 1428 519 1504 conieci,
546 1428 747 1508 significatum
767 1430 837 1504 fuit;
867 1430 918 1510 qui
940 1429 1047 1511 quibus
1067 1429 1167 1490 verbis
1188 1431 1350 1510 conceptus

244 1530 336 1592 fixerit
358 1531 492 1592 divinare
512 1532 592 1594 velle
615 1531 714 1593 stolidi
734 1536 833 1607 esset,
855 1532 932 1593 duae
951 1535 1054 1594 tamen
1073 1551 1164 1593 voces
1185 1535 1256 1594 sunt
1275 1549 1350 1613 quas

245 1632 275 1693 in
299 1651 334 1694 eo
355 1633 449 1694 fnisse
475 1653 537 1696 non
557 1634 749 1716 inprobabilis
772 1635 943 1698 coniectura
965 1637 1029 1711 est,
1057 1635 1165 1698 Gauro
1188 1655 1297 1697 nomen
1319 1637 1352 1696 et

245 1738 383 1798 omnitatc
410 1737 615 1819 participium,
645 1756 663 1798 a
693 1757 751 1816 quo
780 1740 813 1799 et
840 1738 949 1801 Cabiro
976 1739 1107 1820 pendeat
1136 1723 1168 1798 et
1188 1738 1356 1820 storeae·

246 1841 426 1921 ambipuum.
468 1841 549 1903 inv.
572 1845 635 1904 318
661 1841 742 1903 inter
763 1841 887 1904 Phariae
915 1843 947 1902 et
975 1843 1012 1904 ab
1039 1841 1187 1902 excidisse
1208 1842 1352 1901 condar

245 1943 297 2004 vel
323 1943 419 2004 simile
446 1941 517 2024 quid
543 1944 604 2005 iam
630 1945 662 2006 in
691 1943 883 2004 adnotatione
913 1944 1016 2004 critica
1037 1944 1107 2005 dixi.
1142 1945 1239 2006 restat
1256 1943 1291 2002 ut
1312 1943 1351 2002 de

246 2047 332 2108 exitu
345 2067 454 2110 versus
473 2049 535 2108 317
555 2046 679 2123 dicatur,
702 2045 762 2121 ubi,
785 2047 934 2127 scriptura
955 2066 1031 2128 quae
1054 2047 1086 2108 in
1102 2045 1252 2110 Carrionis
1274 2045 1350 2106 libro

246 2152 295 2211 est
316 2152 453 2226 servata,
473 2153 607 2213 inmania
627 2150 758 2211 sortasse
779 2167 833 2230 pro
854 2150 907 2212 aed
928 2154 1063 2213 maca'mo
1084 2150 1274 2212 scribendum
1294 2149 1350 2209 est

245 2272 343 2334 neque
369 2254 449 2315 enim
474 2255 614 2335 exempla
640 2254 752 2316 desunt
779 2252 886 2332 quibus
911 2253 1096 2334 glossemata
1120 2271 1212 2333 supra
1240 2271 1350 2312 versus

246 2357 358 2438 scripta
377 2358 409 2418 in
429 2357 523 2417 verba
542 2358 651 2437 poetae
673 2356 802 2417 deducta
825 2375 893 2417 esse
914 2357 1074 2438 probetur,
1102 2360 1134 2417 et
1151 2375 1246 2437 prauo
1266 2353 1350 2416 vocis
1443 2366 1447 2374 '

245 2459 363 2539 syllaba
390 2459 487 2520 altera
513 2479 616 2522 arseos
645 2459 677 2521 vi
708 2459 855 2538 producta
882 2460 1053 2521 defenditur
1079 2459 1218 2521 versibus
1245 2457 1349 2538 quales

246 2562 318 2622 sunt
337 2561 370 2621 Π
384 2565 446 2623 225
472 2581 557 2624 amna
579 2564 690 2636 metas·
712 2561 783 2623 adeo
804 2564 935 2642 alapantes
955 2565 1078 2625 caelatae
1091 2562 1197 2638 oilla-t,
1217 2559 1268 2621 ΠΙ
1286 2563 1349 2623 234

240 2665 383 2746 perripat
408 2667 437 2726 et
462 2666 546 2726 iussa
571 2667 695 2745 1111911111
722 2665 862 2726 euaderet
888 2665 977 2741 112111,
1005 2663 1052 2726 VI
1076 2667 1137 2726 152
1161 2665 1297 2727 ommluo
1318 2667 1351 2726 ia

244 2785 367 2848 superor
393 2785 498 2828 caecae
527 2767 635 2844 1111111,
668 2759 805 2830 emortuo
834 2771 920 2830 actea
964 2770 1097 2829 ceterum
1123 2769 1259 2830 inmania
1292 2771 1351 2829 oete

244 2867 432 2929 accusativos
455 2887 523 2929 esse
545 2871 619 2949 puto
640 2869 807 2950 pendentes
826 2870 893 2931 illos
915 2871 1045 2930 fortasse
1067 2870 1105 2930 ab
1126 2872 1204 2932 inter
1223 2887 1350 2951 praepo-

245 2970 353 3034 sitione
373 2989 392 3031 a
414 2989 473 3050 qua
494 2989 616 3032 versum
636 2972 825 3052 deperditum
846 2971 995 3055 incepisse
1013 2973 1156 3054 suspicor.
1178 3005 1219 3018 -
1240 2992 1350 3033 versus

245 3077 307 3135 322
333 3093 451 3155 quoque
473 3072 668 3136 detruncatus
693 3078 752 3151 est;
775 3077 807 3137 in
829 3075 976 3137 Vaticano
998 3075 1078 3135 enim
1099 3074 1212 3156 legitur
1225 3077 1351 3158 portam

243 3177 348 3240 mua
367 3180 411 3240 aar
430 3179 483 3238 hec
504 3177 613 3240 credite
627 3181 757 3261 pappolo,
789 3179 821 3238 et
844 3176 923 3258 qnod
944 3178 975 3238 in
997 3177 1149 3241 (lanionis
1171 3179 1246 3240 libro
1271 3178 1351 3239 inter

243 3282 315 3343 haec
337 3280 369 3340 et
390 3279 500 3342 credite
521 3281 669 3342 insertum
692 3285 742 3343 est
767 3282 898 3364 hospita,
924 3281 957 3342 id
978 3282 1175 3343 Valerianum
1201 3299 1262 3341 non
1281 3299 1351 3340 esse

242 3384 302 3442 iam
317 3381 509 3442 Burmannus
532 3384 682 3462 cognovit.
718 3403 788 3445 nam
808 3385 942 3466 hospitae
964 3384 1073 3444 dicitur
1094 3383 1145 3463 qui
1165 3385 1219 3446 aut
1235 3383 1350 3443 alienus

244 3487 292 3544 est
311 3486 362 3544 vel
382 3485 572 3564 peregrinus,
595 3489 648 3548 aut
662 3485 852 3569 hospitaliter
867 3486 996 3566 aliquem
1011 3487 1132 3567 excipit,
1156 3491 1208 3548 aut
1223 3484 1350 3566 hospitio

243 3586 333 3648 alicui
361 3586 483 3647 innotus
507 3590 570 3664 est,
597 3609 723 3669 quarum
750 3589 1003 3668 significationum
1030 3590 1144 3651 nullam
1172 3589 1352 3650 adiectivum

241 3690 317 3752 illud
337 3689 394 3751 hoc
415 3689 479 3750 loco
504 3690 615 3752 habere
637 3695 746 3772 potest.
783 3692 885 3772 itaque
915 3692 974 3754 alio
996 3692 1084 3754 modo
1106 3711 1215 3754 versus
1237 3691 1351 3753 instau-

242 3793 355 3855 randus
377 3795 450 3852 erat
487 3796 577 3874 etque
601 3795 680 3857 laeto
700 3795 779 3876 quod
801 3796 935 3877 postult
955 3796 1084 3856 fortasse
1099 3795 1269 3856 addendum
1282 3813 1351 3856 oon-

127 3887 137 3908 *
241 3897 299 3959 ieci
320 3896 389 3958 libri
410 3895 498 3978 primi
520 3915 613 3956 versu
634 3897 785 3960 tricesimo
807 3898 979 3960 defenditur
997 3901 1151 3982 victaeque
1172 3897 1254 3960 head
1274 3899 1353 3960 lacto

242 3997 390 4083 tyrannm
420 4001 499 4062 miti
528 4001 630 4060 autem
657 4001 831 4080 pronomine
858 4001 972 4064 inserto
1005 4003 1099 4064 oratio
1131 4002 1258 4063 alacrior
1287 4000 1353 4062 fieri

242 4105 366 4166 videbat
403 4138 476 4165 .-
499 4102 590 4164 etiam
619 4104 699 4163 inter
724 4123 832 4164 versus
856 4108 919 4167 323
947 4107 979 4165 et
1001 4109 1063 4166 329
1095 4104 1248 4185 quianon
1268 4105 1352 4164 nulla

242 4207 467 4284 interciderint,
491 4227 552 4270 non
580 4206 717 4268 dubitare
735 4226 783 4267 me
805 4207 869 4268 dixi
896 4208 928 4269 in
949 4208 1150 4271 adnotatione.
1187 4209 1245 4272 etsi
1273 4207 1352 4268 enim

243 4313 327 4374 totus
355 4310 393 4372 de
419 4312 552 4374 adventu
579 4310 751 4393 Minyarum
778 4310 863 4372 locus
891 4329 909 4372 a
935 4313 1025 4392 poeta
1051 4312 1208 4375 incohatas
1236 4313 1353 4374 tantum
