3086 4968
665 441 754 482 orror
777 442 796 482 1.
1028 417 1030 426 ’
1209 439 1281 481 mx

169 612 248 676 data
271 631 363 692 quem
377 613 499 672 modum
513 609 670 671 Veledam
684 607 855 670 excessisse
868 609 1015 685 videmus,
1030 607 1280 690 oumV187sqq.

169 719 201 778 in
224 716 340 778 tumulo
364 715 469 776 Phrixi
490 714 630 776 Iasonem
656 715 788 772 statuam
815 711 1010 792 conspexisse
1039 710 1175 773 narravit
1192 711 1280 774 Pario

169 838 321 881 marmore
342 819 452 880 factam
471 821 593 896 tamne
615 814 760 894 grandem
781 819 812 878 et
833 817 1013 897 perfectam,
1039 817 1075 876 ut
1097 833 1157 876 non
1176 813 1281 876 Phrixi

172 923 266 984 solius
289 921 390 1002 figora
411 938 559 1000 expressa
573 920 665 998 ¹esset
686 919 741 978 sed
755 917 861 982 Helles
884 919 974 980 etiam
997 921 1099 978 utrum
1120 935 1281 980 novercam

171 1026 271 1106 magis
298 1026 450 1086 metueret
477 1041 517 1083 an
542 1023 634 1082 maris
657 1022 792 1102 pericula
821 1022 985 1083 dubitantis
1013 1024 1046 1082 et
1066 1021 1169 1082 arietis
1193 1024 1281 1101 tergo

172 1130 304 1190 salutem
343 1146 430 1188 suam
460 1125 646 1198 committere
677 1127 815 1188 nolentis.
860 1124 947 1186 Pario
979 1123 1099 1204 quidem
1132 1143 1281 1185 marmore

174 1232 336 1294 artificium
356 1229 430 1291 illud
453 1229 566 1288 sactum
589 1227 683 1290 fuisse
706 1230 894 1290 coniecturae
916 1229 1058 1302 debetur,
1087 1226 1141 1286 sed
1165 1226 1280 1288 indubi-

174 1338 258 1398 tatae
287 1334 331 1396 illi
350 1369 395 1379 -
416 1351 548 1414 parvum
578 1333 659 1392 certe
685 1351 819 1394 marmor
847 1332 926 1413 qnod
954 1330 1023 1392 libri
1049 1332 1174 1391 tuentur
1198 1331 1284 1393 nihili

175 1441 226 1499 est
245 1469 292 1484 ·--
315 1455 412 1518 neque
440 1439 542 1497 tamen
569 1435 666 1514 magis
696 1435 866 1516 probabile,
895 1435 1078 1515 temporibus
1107 1433 1167 1494 sslis
1194 1439 1227 1496 et
1251 1435 1283 1496 in

176 1541 358 1604 Colchorum
379 1539 499 1618 quidem
514 1540 596 1600 terra
611 1542 674 1600 tam
687 1540 825 1601 sollertes
839 1539 977 1600 extitisse
992 1538 1131 1614 artifices,
1153 1539 1205 1618 qui
1218 1543 1283 1600 tan·

176 1647 243 1706 tum
259 1663 336 1724 opus
359 1642 503 1721 effingere
524 1642 656 1722 possent
689 1640 771 1701 undo
786 1641 818 1701 in
832 1643 1000 1720 temporum
1013 1642 1128 1704 ratione
1140 1643 1283 1704 Valerius

176 1748 235 1808 hoc
256 1747 322 1808 loco
344 1764 404 1806 non
423 1745 521 1806 minus
543 1742 687 1822 graviter,
707 1742 797 1804 immo
817 1744 942 1822 gravius
965 1745 1055 1804 etiam
1073 1764 1192 1808 errasse
1209 1747 1284 1808 iudi-

178 1849 294 1911 candus
324 1850 386 1925 est,
422 1867 511 1928 quam
539 1847 570 1908 V
600 1847 677 1922 422,
709 1845 762 1906 ubi
791 1845 942 1907 Arsinoen
973 1845 1105 1908 Sesostri
1136 1852 1284 1928 regnante

179 1951 319 2032 Aegypti
344 1950 450 2011 urbem
478 1951 577 2030 fuisse¹
603 1947 693 2022 dixit,
725 1950 757 2008 et
778 1947 826 2009 VI
849 1951 925 2024 118,
954 1949 1006 2009 ubi
1034 1949 1139 2028 Lagea
1167 1951 1287 2013 novalia

178 2052 438 2128 commemoravit5
458 2053 534 2114 tales
554 2053 634 2114 enim
654 2054 823 2131 temporum
843 2050 1070 2132 anticipationes
1085 2053 1182 2134 poetis
1198 2053 1285 2116 facile

179 2158 396 2220 condonantur.
774 2217 780 2228 ‚

283 2258 356 2320 Dixi
377 2279 468 2340 supra
490 2260 649 2341 ampliores
672 2279 741 2320 esse
763 2257 902 2320 carminis
923 2260 1035 2339 partes,
1058 2259 1167 2339 quibus
1185 2261 1286 2320 extre·

179 2383 247 2422 mus
276 2363 463 2446 perpoliendi
490 2364 574 2424 labor
601 2362 764 2424 aValcrio
792 2383 852 2423 non
883 2361 923 2422 sit
952 2361 1111 2422 adhibitus.
1148 2361 1285 2440 adquae

181 2466 272 2527 etiam
298 2465 387 2546 primi
413 2465 481 2526 libri
510 2465 624 2526 exitum
645 2485 693 2526 me
717 2466 846 2542 referre,
868 2465 1068 2545 comprimes
1091 2465 1287 2528 certelibros

181 2572 317 2649 aposta
343 2569 461 2630 limatos
489 2587 557 2628 esse
586 2570 710 2648 propter
740 2587 805 2629 rem
833 2567 931 2649 ipsam
955 2569 1108 2648 probabile
1137 2569 1286 2648 videabrr,

181 2690 269 2732 nemo
287 2690 349 2732 non
369 2671 534 2732 mirabitur.
571 2673 617 2733 tot
641 2672 884 2750 autem-tamque
904 2690 1015 2751 graves
1037 2674 1069 2734 in
1090 2673 1127 2733 iis
1151 2691 1227 2752 qnae
1248 2675 1287 2735 de

180 2773 312 2834 Aesonis
332 2778 430 2835 morte
450 2777 611 2836 narrantur
633 2773 737 2835 insunt
759 2773 947 2850 offensiones,
967 2777 1002 2836 ut
1023 2773 1055 2834 in
1069 2776 1121 2836 illa
1137 2776 1288 2836 sententia

182 2897 242 2938 non
263 2877 414 2957 potuerim
437 2897 498 2938 non
528 2877 700 2939 consistere.
738 2877 810 2957 quid
832 2877 930 2938 enim?
957 2896 1055 2939 noune
1078 2883 1113 2938 ut
1130 2897 1197 2939 cum
1219 2878 1288 2938 reli·

182 2999 238 3042 cua
260 2983 325 3040 tum
342 3000 452 3042 versus
467 2983 530 3042 816
541 3015 581 3024 -
592 2983 654 3041 818
677 2981 709 3040 in
723 2979 826 3060 primis
840 2983 922 3042 recte
938 2981 1195 3060 intellegerentur,
1218 2983 1288 3042 ante

181 3103 305 3144 versum
331 3086 393 3145 774
422 3085 512 3165 poeta
534 3081 704 3161 significare
726 3083 843 3160 debuit,
866 3082 1019 3146 Aesonem
1040 3085 1120 3146 tauri
1142 3083 1288 3162 sauguine

182 3188 253 3266 poto
273 3195 400 3248 mortem
423 3185 479 3246 sibi
500 3185 633 3245 voluisse
654 3187 856 3246 consciscere?
879 3206 977 3266 nequo
996 3188 1135 3248 versibus
1151 3188 1202 3266 qui
1218 3192 1288 3249 sunt

154 3317 159 3328 ·
184 3292 370 3350 rol-784
391 3309 493 3350 rerum
509 3290 698 3348 narratarum
721 3287 855 3348 ordinem
868 3289 983 3350 turbam
996 3289 1164 3367 negabitur.
1200 3309 1290 3368 quam

182 3394 306 3454 obrem
328 3393 408 3471 quod
430 3411 482 3452 eos
505 3393 576 3471 post
598 3393 659 3452 815
682 3390 868 3452 collocandos
892 3411 960 3454 esse
981 3394 1052 3468 dixi,
1072 3411 1133 3452 non
1150 3391 1291 3454 videbam

183 3514 272 3576 quam
293 3496 390 3557 multa
410 3498 514 3556 essent
537 3493 644 3573 quibus
668 3493 757 3553 huius
779 3495 967 3556 coniecturae
988 3493 1182 3577 probabilitas
1205 3513 1290 3556 ever·

182 3600 306 3659 teretur.
351 3597 480 3677 primum
509 3595 588 3654 enim
616 3614 796 3675 quamquam
821 3599 853 3659 iu
882 3597 983 3660 codiee
1005 3596 1154 3660 Vaticano
1181 3618 1290 3660 versus

182 3720 243 3762 non
276 3700 376 3761 nullos
407 3697 598 3760 librariorum
628 3697 824 3777 neglegentia
856 3700 1086 3780 praetermissos
1119 3703 1152 3762 et
1183 3704 1291 3782 postea

182 3803 281 3865 alieno
303 3802 368 3864 loco
388 3801 507 3863 additos
529 3819 598 3863 esse
618 3820 677 3861 non
699 3802 814 3880 ignoro,
836 3805 938 3864 tamen
960 3824 1028 3865 oum
1048 3803 1164 3864 nullum
1187 3821 1290 3864 eorum

181 3904 303 3986 longius
325 3921 415 3984 quam
436 3902 625 3982 undeviginti
639 3923 789 3988 vversuum
811 3906 970 3967 interuallo
994 3909 1031 3968 ab
1046 3925 1082 3967 ca
1097 3906 1178 3982 sede,
1201 3923 1291 3984 quam

183 4011 312 4090 aposta
332 4009 505 4090 acceperat,
528 4006 708 4087 diremptum
730 4027 799 4070 esse
820 4008 956 4085 videam,
975 4009 1025 4090 qui
1044 4011 1157 4070 laetum
1179 4007 1235 4081 sit,
1254 4009 1291 4069 nt

182 4129 291 4174 versus
316 4115 376 4172 781
389 4114 505 4172 -784
534 4109 622 4170 unius
650 4112 681 4169 et
709 4109 834 4189 triginta
860 4131 1005 4172 versuum
1037 4111 1133 4192 spatio
1162 4108 1249 4169 hodie
1272 4127 1290 4170 a

183 4235 238 4278 suo
259 4217 325 4276 loeo
348 4214 470 4290 distent,
493 4215 567 4275 satis
584 4215 655 4293 apte
677 4213 830 4293 explicare
849 4231 910 4274 non
925 4231 1056 4294 possum.
1093 4207 1200 4270 deinde
1221 4227 1291 4270 ver·

183 4337 235 4380 sus
260 4321 323 4382 780
336 4321 369 4380 et
383 4319 444 4380 785
469 4337 529 4378 non
551 4335 585 4376 se
608 4314 743 4396 potuisse
766 4314 906 4397 excipere
925 4333 1012 4376 nemo
1025 4314 1075 4374 est
1089 4312 1161 4393 quin
1179 4311 1289 4374 videat.
