3086 4968
662 439 751 480 CAPUT
774 439 806 480 la
1215 441 1291 486 110111

102 631 107 640 ·
179 609 255 670 dum
277 623 348 671 esse
374 605 482 682 video,
509 605 590 687 qnod
619 604 779 668 multitudo
808 604 944 666 hiatrrunr
968 599 1128 686 plerosque
1157 605 1289 670 editores

180 729 308 792 prorsus
340 707 454 772 fefellit.
497 727 532 770 aa
561 708 690 789 primum
715 707 837 787 quidem
869 707 921 770 uhi
956 707 1145 770 intercidisse
1178 708 1290 790 aliquid

181 814 297 896 primus
320 811 571 876 animadvertisse
589 812 662 874 mihi
682 810 788 873 videar
809 810 992 890 significabo.
1095 875 1097 880 ,

287 913 323 976 Π
344 919 528 979 311-331
548 933 673 990 versus,
699 914 806 994 quihus
827 913 1073 994 Argonautarum
1092 913 1124 974 in
1143 913 1291 976 Lemnum

181 1018 314 1080 insulam
334 1019 485 1082 adrentus
504 1023 659 1093 narratur,
685 1017 802 1084 lacunis
828 1017 1011 1080 deformatos
1032 1036 1100 1078 esse
1119 1017 1179 1079 iam
1199 1039 1292 1100 snpra

183 1121 256 1198 dixi,
278 1141 406 1204 quarum
426 1141 504 1201 quae
525 1125 596 1202 post
617 1141 646 1181 v.
663 1125 724 1182 331
748 1138 817 1180 essa
838 1121 959 1182 videtur
980 1123 1088 1202 poetae
1107 1121 1292 1186 festinationi

183 1225 289 1302 tribui,
318 1224 507 1286 librariorum
534 1223 710 1288 oscitantiae
736 1223 864 1286 relicuas
891 1225 961 1303 post
985 1243 1014 1283 r.
1031 1227 1093 1286 317
1114 1227 1145 1286 et
1164 1230 1234 1288 328.
1273 1246 1291 1288 a

184 1327 328 1390 librorum
352 1327 531 1390 testimoniis
552 1326 746 1391 aestimandis
767 1329 802 1388 nt
823 1326 932 1402 ordiar,
955 1326 986 1387 in
1007 1325 1108 1389 finer.
1122 1333 1184 1391 317
1205 1329 1292 1392 Vati·

184 1432 252 1492 eani
267 1435 300 1492 et
312 1430 459 1510 Poggiani
481 1430 647 1512 apographi
665 1429 829 1511 scripturas
850 1431 924 1492 tacte
938 1431 970 1490 et
987 1433 1042 1492 tete
1054 1434 1210 1514 corruptas
1223 1453 1292 1495 esse

184 1536 319 1615 apparet.
356 1535 460 1600 eontra
480 1534 653 1596 coniectura
664 1532 695 1612 ⁴⁶)
719 1552 808 1613 quam
829 1533 862 1594 in
876 1530 1027 1596 Carrionis
1048 1533 1124 1598 libro
1146 1536 1292 1600 hahemus

185 1639 260 1712 cete,
286 1636 344 1698 etsi
361 1639 497 1700 momina
520 1637 674 1718 epitheton
696 1635 843 1716 disphcet,
864 1638 966 1698 tamen
987 1636 1155 1716 quodcete
1176 1641 1292 1703 marina

186 1739 225 1800 ad
248 1737 360 1801 Protea
387 1740 540 1822 pertinere
565 1743 670 1802 notum
693 1735 877 1816 cst,'habet
905 1759 963 1819 quo
990 1742 1221 1804 commendetur.
1261 1744 1293 1804 in

186 1861 279 1902 versu
309 1842 360 1923 qui
386 1842 522 1920 sequitur
550 1859 729 1922 quamquam
755 1843 827 1922 post
847 1843 957 1924 pharii
982 1863 1013 1904 ae
1040 1843 1073 1904 in
1101 1843 1160 1910 VP
1185 1845 1293 1910 lacuna

186 1948 250 2021 est,
271 1948 354 2008 carto
377 1948 478 2009 tamen
497 1945 570 2007 licet
593 1945 789 2021 contendere,
818 1947 850 2006 et
871 1944 994 2008 Pharir'a
1015 1945 1204 2009 scribendum
1224 1967 1293 2010 esse

187 2051 219 2108 et
238 2048 424 2112 reiciendum
446 2050 525 2129 quod
544 2048 575 2108 in
590 2048 654 2112 Mo
673 2047 846 2129 suppletum
864 2048 911 2108 est
927 2049 1045 2130 potnh5
1065 2047 1191 2111 Pharius
1214 2051 1293 2112 enim

186 2154 274 2232 pater
295 2151 422 2214 Proteus
442 2154 508 2228 est,
537 2152 598 2220 iam
624 2151 772 2231 inprime
800 2169 893 2212 versu
919 2151 1099 2216 nominatus.
1137 2153 1184 2214 his
1204 2154 1293 2224 libre

168 2273 254 2316 rum
275 2254 454 2318 testimoniis
476 2254 621 2316 Heinsius
641 2255 685 2316 ita
706 2273 780 2314 usus
804 2256 859 2328 est,
880 2255 916 2314 ut
937 2253 1087 2316 coniceret
1100 2258 1137 2332 te,
1158 2261 1294 2320 maxima

188 2357 271 2435 Ceto,
300 2358 464 2439 Prataque
492 2360 664 2440 ambiguum
693 2357 816 2419 Pharios
836 2355 905 2434 fert
930 2373 1035 2418 rumor
1056 2357 1092 2418 uh
1120 2360 1216 2419 onim
1235 2360 1295 2424 huc

188 2463 303 2524 rexisse
323 2465 388 2524 ciac
405 2461 457 2524 vel
473 2462 582 2524 Pharii
592 2460 662 2539 fert
674 2460 703 2537 (i.
718 2479 743 2521 e.
759 2460 886 2542 Polyxo)
906 2461 1006 2540 patria
1022 2460 1058 2524 ab
1073 2461 1168 2522 antrat
1185 2462 1214 2522 Ιι.
1229 2483 1254 2522 r.
1266 2483 1292 2524 o.

187 2564 239 2624 rel
263 2563 394 2628 ΡΙιανίαθ
411 2564 480 2643 fert
512 2565 638 2644 Thctyoa
665 2565 760 2624 catria
786 2563 814 2624 h.
829 2585 854 2624 r.
871 2583 896 2624 o.
917 2561 1109 2624 Burmannus
1137 2565 1294 2646 proposuit

189 2673 231 2745 te,
253 2671 389 2732 memoro
415 2669 538 2747 Tethye,
567 2666 729 2746 Proteaque
755 2667 927 2747 archippum
945 2665 1068 2728 Phariae
1089 2665 1236 2745 afferebat
1257 2671 1293 2732 oo

190 2773 369 2835 outre-tuo
390 2772 505 2834 rescisse
525 2771 597 2830 oica.
638 2768 696 2828 hae
715 2769 817 2828 tamen
838 2767 1027 2836 coniecturae
1045 2787 1148 2830 omues
1169 2769 1293 2832 reiecta·

185 2892 265 2934 neae
289 2877 367 2935 sunt
408 2872 518 2935 Protea
539 2870 619 2932 enim
638 2873 670 2931 et
692 2868 766 2931 Ceto
788 2873 821 2932 et
842 2870 964 2952 Thelyn
984 2869 1133 2932 Lemnum
1154 2872 1293 2952 tetigisse

188 2977 328 3040 nolumus
349 2975 464 3050 doceri,
486 2975 542 3035 sed·
562 2974 642 3035 unde
656 2973 772 3056 Polyxo
792 2973 914 3034 venisse
925 2971 1105 3037 Lemniades
1125 2975 1295 3056 suspicatae

190 3079 257 3142 sint
290 3079 404 3140 'deinde
432 3099 531 3158 neque
554 3075 646 3153 Ceto,
675 3096 765 3157 quam
792 3076 944 3159 Phoroyos
972 3078 1131 3156 coniugem
1157 3079 1294 3140 fuisses

188 3182 417 3263 mythognaphis
440 3183 567 3257 scimus,
593 3201 690 3262 neque
712 3181 828 3262 Thetys
851 3201 918 3242 cunr
939 3180 1047 3242 Proteo
1069 3181 1152 3243 reete
1174 3181 1295 3242 coniun-

189 3286 279 3364 gitur.
319 3286 389 3366 quid
410 3285 564 3366 scripserit
575 3285 718 3346 Valerius
741 3305 828 3347 nemo
850 3284 994 3360 inveniet,
1014 3282 1068 3344 sed
1082 3282 1153 3363 quid
1164 3284 1295 3348 voluerit

188 3389 319 3452 fortasse
340 3407 543 3471 assequemur.
578 3386 756 3468 Apollonius
779 3389 819 3450 A
840 3391 902 3450 668
919 3406 983 3466 sqq.
1010 3385 1126 3466 Polyxo
1147 3389 1296 3452 nutricem

189 3489 378 3574 Hypsipyles
403 3491 498 3552 fuisse
530 3490 680 3565 narravit,
714 3509 790 3570 quae
825 3489 974 3550 suasisset
998 3489 1229 3571 Lemniadihus,
1261 3498 1297 3556 ut

189 3593 386 3673 Argonautas
403 3595 564 3656 liberorum
579 3593 832 3676 procreandorum
848 3611 939 3654 causa
953 3592 1129 3673 reciperent.
1169 3597 1217 3659 cui
1228 3617 1297 3658 con·

189 3698 256 3760 silio
270 3698 412 3760 Valerius
431 3698 553 3760 videtur
575 3717 610 3758 eo
629 3697 762 3758 voluisse
782 3698 849 3778 plus
863 3696 1049 3760 auctoritatis
1066 3699 1194 3777 adicere,
1217 3703 1297 3781 quod

189 3805 342 3883 tamquam
369 3801 514 3864 divinitus
541 3800 573 3862 id
601 3801 735 3862 adlatum
759 3801 888 3875 diceret;
920 3801 1000 3862 unde
1021 3801 1134 3864 factum
1156 3824 1224 3865 esse
1248 3824 1297 3864 su·
1421 3791 1433 3801 '¹

189 3906 305 3986 spicer,
331 3909 367 3966 ut
390 3905 507 3986 Polyxo
536 3903 666 3982 fingeret
686 3903 774 3966 deam
796 3901 865 3964 esse
886 3904 1032 3966 marinam
1053 3925 1178 3984 eamque
1201 3905 1297 3968 fatidi-

293 4161 319 4229 *)
340 4161 552 4228 praemonendum
571 4165 608 4213 est
626 4161 756 4213 Carrionis
777 4161 888 4212 codicem
905 4177 961 4211 meo
979 4153 1073 4210 iudicio
1094 4159 1188 4210 sacculi
1206 4160 1297 4212 decimi

190 4247 272 4312 quinti
296 4265 365 4311 esse,
388 4250 415 4299 in
441 4249 517 4299 Italia
545 4248 667 4312 seriptum
695 4247 873 4311 doctorumque
900 4245 1022 4296 Italorum
1047 4243 1198 4297 coniecturis
1225 4261 1297 4313 quarn

188 4334 299 4384 maxime
316 4334 504 4401 interpolatum.
