3110 4972
564 441 785 486 emensumoou
806 441 946 486 6666661.
1245 421 1308 491 125

289 596 390 677 linque
412 613 539 674 gravem
558 594 683 658 fluvium
702 597 735 655 et
756 593 874 654 miseris
892 613 949 656 sua
969 594 1032 656 1666
1049 595 1170 658 uotonis.

265 701 332 764 ,sie
354 717 480 780 quoque,
492 717 553 760 non
572 717 632 760 uuo
654 697 774 760 dubitur
794 700 1001 760 transcurrere
1023 699 1114 760 luotu.

289 802 361 882 quid
381 800 436 864 tibi
455 801 591 864 nubifera
613 803 789 880 surgentem
811 819 886 880 rupe
910 798 1076 877 Carambin,

288 907 360 987 quid
381 924 557 982 memorem,
582 923 656 986 quas
676 901 735 964 Iris
757 921 850 982 aquas
870 907 923 964 aut
941 905 1082 986 torqueat
1095 904 1218 966 Ancon?
1244 909 1307 966 600
1335 941 1338 958 r

288 1009 426 1090 proxima
447 1007 637 1070 Thermodon
658 1006 706 1067 hio
727 1005 787 1066 iam
808 1010 892 1066 sooat
911 1025 998 1068 arva:
1018 1013 1175 1071 momento.

287 1111 389 1174 inolita
408 1109 627 1175 Amazonidum
647 1129 817 1190 magnoque
838 1113 944 1172 exorta
964 1109 1096 1186 Gradivo

286 1235 363 1295 gens
385 1215 442 1290 ibi;
463 1213 607 1276 femineus
629 1234 685 1276 neo
703 1217 737 1276 tu
757 1232 837 1274 nuno
859 1213 948 1275 orode
968 1217 1114 1294 catervas,

287 1320 342 1381 sed
365 1318 475 1400 qualis,
497 1319 553 1378 sed
573 1320 686 1398 quanta
706 1317 780 1379 viris
801 1316 927 1378 insultat
947 1315 1037 1399 Enyo

231 1411 233 1414 ⁵
286 1423 415 1504 divaque
437 1418 590 1502 Gorgonei
612 1421 763 1504 gestatrix
783 1421 895 1481 innuba
916 1422 1049 1483 monstri.
1242 1430 1303 1488 606

285 1547 325 1589 66
347 1525 401 1588 tibi
422 1525 495 1586 tuno
515 1526 665 1588 horrenda
686 1545 783 1607 rapax
804 1525 843 1586 ad
864 1523 953 1586 litore
973 1545 1105 1607 puppem

285 1633 396 1692 uentus
418 1631 505 1709 agat,
527 1630 599 1692 ludo
622 1631 753 1692 volitans
775 1648 844 1690 oum
866 1629 966 1689 turma
988 1631 1116 1710 superbo

285 1732 438 1815 pulvereis
460 1732 578 1794 exultet
600 1735 686 1812 equis
705 1735 877 1813 ululatuque
900 1732 991 1792 tellus
1373 1723 1405 1824 s

284 1835 417 1898 intremit
438 1837 469 1896 et
491 1853 610 1916 pugnas
634 1841 715 1900 mota
737 1839 824 1919 pater
846 1834 951 1896 incitet
971 1835 1067 1898 haste.

284 1959 344 2000 non
366 1939 409 2004 itu
431 1938 470 2000 sit
492 1941 654 2001 metuenda
675 1940 729 2002 tibi
750 1936 927 2000 saevissima
950 1956 1130 2018 quamquam
1240 1946 1302 2002 610
1348 1990 1361 2012 .

285 2059 361 2121 gens
383 2037 565 2123 Chalybum,
582 2041 666 2104 duris
686 2041 804 2124 petiens
826 2041 874 2103 eui
895 2041 995 2102 oultus
1016 2040 1048 2102 in
1069 2041 1150 2104 arsis

283 2147 316 2205 et
334 2146 420 2206 66666
441 2143 561 2206 edfliota
582 2165 702 2227 semper
723 2146 829 2207 domus
848 2145 940 2224 ignea
956 2161 1065 2205 massa

282 2247 352 2309 inde
373 2265 490 2311 omnem
511 2251 660 2312 innumeri
681 2269 772 2329 reges
793 2245 966 2331 peritioris
987 2267 1079 2325 orem,

281 2350 402 2432 hospitii
425 2351 492 2432 quis
514 2354 597 2416 66116
618 2353 707 2426 fides;
730 2353 784 2414 sed
806 2351 900 2412 limito
922 2354 1005 2412 recto

282 2453 392 2550 puppis
414 2456 446 2514 et
467 2455 587 2534 aequali
607 2457 795 2518 transcurrat
815 2453 958 2516 carbasus
981 2472 1061 2516 auru.
1238 2462 1299 2519 616

281 2556 324 2618 sie
346 2557 465 2618 demum
486 2556 583 2638 rapidi
603 2559 708 2620 venies
731 2557 770 2619 ud
793 2555 929 2620 Phasidis
950 2578 1075 2621 amnem.

165 2671 170 2680 '
281 2660 382 2722 uestra
401 2657 442 2720 ibi
462 2659 523 2723 iam
543 2659 685 2743 Scythiae
707 2662 899 2741 fraternaque
922 2663 1021 2742 surgit
1041 2661 1161 2742 Erinys.

279 2761 345 2842 ipse
362 2763 463 2824 truees
482 2761 544 2824 illio
565 2761 692 2826 Golohos
711 2765 889 2846 hostemque
913 2765 1031 2828 iuvabis

279 2865 408 2927 auxiliis.
452 2883 509 2927 neo
528 2867 615 2948 phura
634 2869 772 2950 equidem
794 2867 963 2931 discrimine
985 2889 1082 2931 oerno.

279 2969 341 3031 sors
366 2968 456 3031 etiam
478 2971 611 3051 optatum
631 2970 750 3034 dabitur
771 2957 946 3051 contingere
967 2972 1084 3052 pellem.
1236 2981 1298 3040 690

242 3060 244 3065 ’
280 3071 334 3132 sed
356 3074 387 3132 to
409 3089 469 3134 non
492 3055 599 3133 animis
620 3092 677 3136 neo
697 3075 768 3136 solis
790 3073 905 3137 uiribus
926 3091 1051 3154 aequom

278 3174 416 3248 eredere;
441 3193 533 3255 saepe
554 3176 615 3237 aori
636 3179 736 3259 potior
753 3178 914 3259 prudentia
936 3179 1051 3240 dextre.

279 3293 368 3357 quem
388 3271 492 3339 tulerit
512 3278 605 3357 deus,
622 3281 726 3368 'arripe
748 3297 843 3360 opem.
887 3281 1005 3360 iamque
1027 3281 1131 3343 ultima
1146 3283 1232 3344 uobis

293 3605 342 3651 699
360 3600 412 3650 Hie
429 3603 553 3650 1166ιεί66
609 3557 691 3668 quoque
713 3603 738 3652 V
776 3637 779 3644 .
821 3605 871 3652 699
890 3601 1002 3656 remu
1020 3605 1067 3654 M:
1086 3599 1198 3656 66666661
1222 3609 1247 3659 V

189 3689 242 3736 600
258 3681 314 3750 eut]
332 3689 434 3749 quast*
517 3686 606 3736 66666
623 3688 659 3738 0.·
677 3699 763 3737 aueum
788 3687 818 3746 V,
837 3701 902 3736 6666
920 3687 955 3736 M
1054 3695 1103 3741 601
1124 3691 1296 3746 Thermodum

187 3774 233 3832 11,
251 3769 429 3824 Thermodeou
446 3773 490 3821 Ora
557 3780 601 3822 aut
620 3776 688 3823 seret
702 3781 746 3822 aut
763 3771 857 3822 fluento
877 3773 1000 3824 11666σί66
1085 3781 1135 3828 609
1152 3778 1296 3830 616111696-

188 3861 241 3907 rr'aa
327 3856 460 3907 femineam
476 3857 511 3906 Π
529 3855 658 3922 (femineas
676 3874 739 3910 corr.
757 3857 792 3924 m)
915 3863 966 3910 604
991 3859 1036 3911 sed
1054 3866 1147 3927 quante
1165 3866 1245 3914 Pius:
1270 3868 1296 3916 st

187 3945 281 4008 quanta
304 3943 340 3995 Vo
455 3946 505 3993 606
522 3943 578 3992 Neo
595 3945 629 3994 Μ
633 3953 655 4012 ψ
751 3949 812 3995 tune
828 3946 909 3994 Bou:
925 3959 993 3996 nuno
1014 3949 1050 3998 Vr
1166 3951 1294 4014 606661-

186 4031 290 4094 reteque
315 4027 540 4078 praemineant.
560 4031 577 4079 l.
604 4043 633 4090 p.
657 4033 705 4079 102
809 4033 857 4079 611
882 4028 963 4080 vietus
984 4033 1106 4082 Heinsius
1210 4038 1260 4084 619
1278 4049 1297 4084 a

188 4108 258 4164 fliete
274 4115 397 4164 Hennae
501 4119 553 4164 614
571 4113 651 4164 limite
668 4115 730 4164 Piae
750 4112 882 4164 6.·1116166
907 4115 932 4164 V
1017 4122 1067 4167 916
1084 4131 1204 4167 66666666
1226 4119 1251 4168 V

186 4197 352 4262 troparium
374 4201 399 4250 V
488 4204 538 4252 617
557 4199 640 4268 erynis
663 4199 689 4250 V
776 4204 827 4250 618
845 4198 963 4250 ohoiehou
987 4201 1012 4253 V
1113 4205 1163 4252 610
1182 4203 1294 4255 obtutum

189 4285 220 4344 V,
239 4287 352 4334 auratum
371 4285 494 4335 61666166
598 4289 647 4337 661
666 4287 749 4334 iextra
770 4287 795 4336 V
860 4296 981 4348 66666-
1001 4290 1050 4336 666
1067 4301 1140 4351 opem
1159 4288 1228 4338 tabee
1244 4291 1293 4340 Pa·

183 4371 279 4418 suanus
299 4375 364 4422 1641
436 4370 522 4435 seoipe
540 4387 563 4419 m
