3086 4968
262 417 325 460 xnn
704 419 930 460 Puonnoousnon

265 585 352 646 rioris
381 583 492 644 saeculi
521 587 560 644 97
590 581 721 644 Parisios
750 585 893 666 abreptus
922 588 970 647 est
995 587 1027 647 et
1056 585 1142 665 signo
1170 587 1367 652 bibliothecae

264 685 506 766 Franoogallicae
524 685 682 750 nationalis
703 689 834 766 notatus,
855 688 909 750 sed
932 688 1097 751 Vaticanae
1118 692 1225 771 postea
1244 691 1366 754 restitu-

264 792 323 852 tus.
365 785 480 871 primus
510 790 590 850 hunc
620 790 752 852 codicem
783 792 822 853 ad
858 792 1077 854 emendandum
1104 793 1219 855 Valerii
1246 813 1367 856 carmen

264 893 398 956 adhibuit
417 892 557 973 Baptista
584 893 673 969 Pius,
698 895 754 955 sed
779 913 839 955 non
865 884 1102 977 eadem'ubique
1122 897 1291 976 diligentia,
1319 918 1366 958 se-

264 997 362 1060 cunda
383 996 513 1058 maxime
532 1015 639 1058 manus
661 1015 680 1058 a
701 996 800 1076 priore
820 1015 881 1056 non
902 997 976 1059 satis
997 1001 1136 1060 accurate
1157 1000 1300 1062 1111111111
1319 1003 1367 1062 est

175 1133 176 1138 ¹
264 1103 312 1182 (et
333 1101 372 1164 ad
397 1100 415 1162 I
448 1103 530 1176 178).
571 1084 642 1180 post
667 1098 753 1160 Pium
780 1098 922 1161 Nicotaus
948 1099 1094 1164 Heinsius
1120 1123 1190 1164 enm
1216 1105 1366 1166 tractarit

263 1207 329 1288 ipse
350 1205 382 1266 in
402 1202 586 1284 praefatione
605 1203 723 1278 narrat,
754 1221 788 1262 se
806 1201 922 1263 Roma'e
949 1207 1115 1266 morantem
1137 1209 1169 1268 ct
1189 1207 1367 1270 Vaticanam

262 1307 472 1370 bibliothecam
493 1306 726 1385 perlustrantem
752 1305 906 1366 inuenisse
926 1305 1119 1387 pervetustus
1139 1310 1255 1372 Valerii
1274 1330 1366 1372 mem-

263 1415 375 1475 branas
395 1427 506 1491 easque
532 1407 693 1487 diligenter
714 1407 902 1484 excussisse,
929 1409 982 1471 sed
1002 1412 1091 1492 paulo
1113 1417 1183 1493 post
1205 1433 1281 1494 qnae
1296 1434 1366 1476 eno-

266 1516 363 1578 tasset
389 1532 406 1573 e
433 1511 534 1574 codice
559 1511 639 1574 iurto
668 1510 725 1573 sibi
753 1513 872 1574 sublata
904 1531 979 1573 esse.
1016 1517 1239 1596 peropportune
1265 1519 1366 1579 autem

265 1616 420 1692 evenisse,
442 1617 477 1677 ut
496 1615 596 1676 Lucas
617 1614 867 1695 Langermannus
889 1615 1079 1678 collationem
1101 1618 1210 1680 codicis
1225 1620 1366 1682 Vaticani

264 1739 368 1794 secum
395 1719 634 1780 communicaret.
680 1737 768 1800 quem
797 1720 985 1782 collationem
1014 1721 1093 1801 quod
1122 1719 1267 1784 Heinsius
1296 1723 1367 1786 dicit

264 1823 427 1902 diligenter
450 1821 619 1883 institutam
639 1803 707 1882 esse
731 1824 800 1884 nolo
822 1823 942 1902 quidem
963 1843 1091 1903 negare:
1115 1844 1295 1906 quamquam
1316 1826 1367 1907 qui

264 1926 456 1988 adnotatione
486 1944 555 1987 mea
588 1926 712 1986 utentur
747 1924 902 1987 invenient
935 1927 987 1987 ubi
1022 1928 1081 1990 alia
1114 1929 1240 2008 legerim
1275 1948 1365 2011 qnam

264 2031 527 2110 Langermannus:
548 2028 602 2090 sed
622 2025 767 2089 Heinsius
787 2027 988 2108 discrepantia
1006 2031 1172 2112 scripturae
1190 2052 1209 2094 a
1232 2033 1298 2096 viro
1313 2033 1365 2095 illo

261 2134 350 2194 docto
368 2117 490 2194 enotata
510 2151 617 2213 parum
638 2133 777 2193 accurate
795 2132 922 2193 subinde
933 2153 1008 2194 111111
1025 2135 1081 2195 ost.
1116 2133 1202 2196 cuius
1215 2135 1260 2196 rei
1272 2155 1366 2198 unum

262 2237 391 2298 sufficiet
412 2237 584 2317 exemplum
611 2235 788 2317 protulisse,
817 2236 871 2296 sed
895 2236 1096 2298 certissimum
1122 2239 1198 2300 illud
1218 2238 1365 2320 simulque

261 2343 342 2404 haud
357 2339 522 2421 illepidum.
558 2340 589 2403 V
602 2343 665 2402 453
686 2339 780 2416 enim,
799 2338 850 2400 ubi
871 2341 1032 2422 aliperabe
1055 2341 1206 2402 codicibus
1218 2340 1365 2402 Italorum

261 2445 435 2507 restitutum
456 2444 564 2519 habos,
591 2443 622 2503 in
644 2423 793 2504 Vaticano
821 2445 891 2524 post
918 2444 964 2506 ali
989 2444 1107 2506 litteras
1131 2446 1272 2524 quattuor
1301 2446 1365 2506 lore

261 2548 393 2609 radendo
420 2547 539 2606 deletae
558 2546 643 2622 sunt,
674 2545 753 2625 quod
773 2545 1022 2623 Langcrmennns
1044 2547 1087 2608 ita
1109 2546 1303 2627 significarit,
1330 2549 1366 2608 ut

261 2653 308 2714 oli
331 2650 468 2710 enotaret
497 2649 529 2708 et
553 2647 592 2707 ad
618 2647 756 2708 lacunam
782 2648 972 2710 indicandam
1000 2650 1126 2711 adderet
1151 2654 1241 2712 uocat.
1285 2651 1365 2732 quod

261 2753 465 2816 testimoninm
487 2750 606 2813 etiamsi
624 2751 711 2812 facile
738 2751 879 2830 largiaris
901 2771 961 2813 non
983 2753 1058 2814 satis
1078 2751 1269 2834 perspicuum
1287 2773 1364 2828 osse,

259 2855 379 2918 Heinsii
408 2858 509 2918 tamen
535 2853 754 2916 festinationem
779 2875 838 2916 non
860 2854 1061 2935 poterisnon
1087 2854 1204 2933 mirari,
1233 2856 1284 2935 qui
1306 2856 1362 2918 uli·

258 2964 342 3024 vacct
360 2958 540 3021 Vaticanum
565 2957 707 3018 exhibere
737 2957 814 3017 dixit
843 2961 875 3018 et
903 2959 1038 3039 alivoque
1063 2958 1115 3018 vel
1135 2960 1264 3040 olivupr's
1290 2958 1360 3020 inde

256 3064 365 3127 elicuit
515 3085 523 3094 ·

359 3165 478 3229 Codicis
503 3163 644 3226 Vaticani
675 3162 719 3223 sic
754 3165 882 3224 externa
912 3163 1011 3244 specie
1046 3163 1197 3245 descripta
1231 3163 1360 3244 satisque

257 3271 421 3346 enarratis,
452 3268 637 3330 emendando
659 3267 782 3330 Valerio
815 3266 886 3346 quid
915 3265 1053 3327 utilitatis
1080 3265 1108 3326 is
1136 3265 1242 3328 afferat
1271 3266 1361 3328 aesti-

256 3377 398 3436 mandum
417 3376 471 3436 est.
509 3375 598 3452 atque
618 3391 679 3432 non
701 3370 855 3430 vetustate
877 3368 973 3430 solum
994 3367 1113 3430 relicuis
1135 3368 1360 3449 Argonauticon

256 3479 407 3541 codicibus
427 3477 579 3558 praestat,
600 3475 655 3535 sed
676 3473 766 3534 etiam
786 3472 864 3551 quod
885 3471 998 3532 librarii
1018 3472 1149 3534 codicem
1164 3473 1360 3552 archetypum

255 3581 385 3642 fideliter
416 3579 642 3661 transcripsisse
680 3574 813 3638 contenti
842 3593 860 3634 a
886 3576 986 3636 verbis
1008 3580 1115 3658 poetae
1143 3575 1361 3656 interpolandis

255 3704 290 3745 se
316 3683 532 3744 abstinuerunt.
577 3683 711 3742 ceterum
744 3677 966 3756 corruptionum
1000 3680 1106 3761 quibus
1133 3679 1225 3741 libros
1254 3678 1360 3760 primis

254 3787 346 3849 modii
371 3785 440 3846 aeui
469 3785 596 3846 sacculis
626 3784 754 3864 scriptos
782 3783 915 3844 adfectos
936 3783 1073 3844 videmus
1093 3801 1272 3865 quamquam
1293 3784 1359 3844 nul-

254 3893 317 3954 lum
342 3908 440 3970 genus
465 3907 525 3949 non
549 3906 658 3969 passus
681 3890 744 3961 est,
772 3906 866 3946 unum
893 3888 993 3947 tamen
1021 3906 1095 3968 prae
1117 3887 1226 3948 ceteris
1248 3885 1360 3950 eminet

255 4014 313 4076 quo
334 3993 462 4054 multum
484 3991 522 4052 de
544 3990 722 4052 auctoritate
744 3990 808 4052 eius
830 3990 1005 4068 detrahitur,
1027 3991 1151 4054 lacunas
1172 3988 1237 4050 dico
1252 3990 1358 4050 verbo·

254 4100 375 4160 rumet
395 4115 552 4172 versuum,
579 4112 653 4175 quas
675 4097 706 4154 et
730 4113 834 4156 eorum
855 4113 873 4154 a
894 4092 1002 4172 quibus
1022 4096 1166 4154 exaratus
1187 4095 1235 4154 est
1255 4093 1359 4171 negle-

254 4201 375 4282 gentiae
404 4201 493 4262 debet
519 4201 550 4259 et
569 4196 737 4259 hereditate
761 4197 846 4276 quasi
870 4196 998 4278 accepit;
1032 4198 1110 4276 quod
1132 4215 1228 4276 genus
1252 4197 1357 4276 depra-

246 4305 383 4384 ¹rationis
410 4304 448 4366 ad
478 4323 551 4385 quos
578 4303 659 4364 locos
686 4299 835 4382 pertineat
863 4317 898 4360 eo
921 4297 1088 4360 accuratius
1112 4299 1183 4360 mihi
1206 4318 1356 4385 exponen-

543 4586 590 4616 i
