3086 4968
256 459 290 500 IV
696 451 930 492 Pnonnaonffirtou'

256 623 376 686 nomina
398 619 513 682 Valerii
543 639 611 679 esse
639 638 755 697 negans
770 607 936 698 ‘equidem’
958 619 1054 698 inquit
1067 610 1135 698 ‘per
1157 616 1253 678 Setini
1274 616 1362 676 huius

256 726 343 789 Balbi
369 744 477 785 nomen
505 725 557 783 a'ut
582 722 736 800 designari
755 743 814 784 non
834 724 983 783 neminem
1011 722 1149 782 existimo
1169 718 1363 797 philologum,

258 831 309 910 qui
330 831 386 889 hoc
410 846 517 907 poema
540 825 652 886 Valerii
674 827 840 887 emendarit
861 825 1113 904 recensueritque,
1135 827 1188 884 aut
1210 823 1289 902 quod
1308 842 1362 882 ve-

257 935 322 994 rius
344 933 473 1004 videtur,
494 931 578 989 nesio
595 948 685 1007 quem
699 925 906 1010 possessorem
922 926 1103 1006 exemplaris
1118 927 1242 986 alicuius
1257 927 1363 986 horum

259 1035 486 1116 Argonauticon
507 1030 622 1092 vetusti
643 1031 795 1110 denotari,
826 1032 876 1110 qui
902 1051 969 1090 cum
991 1030 1081 1089 fronti
1109 1030 1175 1090 eius
1197 1029 1364 1090 adlevisset

259 1158 368 1200 nomen
389 1158 491 1211 suum,
510 1135 540 1193 id
562 1134 661 1213 ipsum
681 1154 789 1195 nomen
812 1133 908 1195 Setini
928 1133 1015 1194 Balbi
1034 1135 1140 1212 postea
1161 1135 1198 1193 ab
1218 1132 1364 1212 imperitis

259 1241 389 1304 librariis
417 1243 470 1300 aut
498 1237 578 1297 alind
606 1237 765 1316 agentibus
793 1256 854 1302 una
880 1257 948 1297 cum
976 1235 1091 1298 Valerii
1117 1235 1218 1296 Flacci
1245 1236 1364 1296 nomine

260 1363 419 1428 perperam
447 1361 516 1402 esse
539 1341 729 1401 coniunctum
759 1346 790 1401 et
818 1342 974 1400 confusum
1002 1339 1033 1398 in
1060 1338 1240 1419 apographis
1263 1358 1362 1398 exem-

259 1449 408 1530 plaribus,
430 1465 508 1524 quae
530 1443 720 1522 postmodum
742 1447 813 1505 sunt
836 1464 876 1504 ex
899 1463 935 1503 eo
952 1441 1052 1502 codice
1071 1428 1254 1534 propagata’
1289 1459 1363 1520 quas

260 1549 379 1610 Heinsii
405 1547 590 1609 coniecturas
625 1546 676 1624 qui
708 1547 840 1628 amplexi
870 1550 940 1607 sunt
968 1524 1144 1622 Wagnerus
1174 1544 1298 1604 Dureau
1327 1545 1364 1604 de
1450 1590 1451 1594 ,

261 1652 395 1712 Lamalle
418 1653 483 1728 ahi,
512 1652 532 1711 ii
554 1670 661 1710 vereor
690 1670 728 1709 ne
753 1650 970 1711 inconsiderate
991 1647 1123 1707 fecerint.
1158 1648 1366 1725 nequeenim,

262 1756 297 1814 ut
318 1755 366 1835 hic
388 1755 504 1814 mittam
526 1755 606 1834 quod
628 1755 705 1814 inira
729 1753 937 1814 demonstrabo
959 1749 1100 1809 Flaccum
1115 1747 1199 1807 illum
1219 1747 1366 1808 Martialis

258 1857 389 1924 amicum
410 1877 469 1917 non
489 1859 582 1918 fuisse
604 1858 774 1932 Valerium,
802 1857 832 1916 id
855 1873 963 1915 nomen
985 1872 1044 1930 quo
1068 1850 1201 1910 homines
1222 1853 1367 1931 appellari

264 1961 401 2020 solebant
430 1961 461 2020 in
491 1964 625 2022 extremo
654 1975 774 2040 semper
802 1959 867 2018 loco
898 1957 1065 2036 ponebatur
1094 1954 1141 2030 (of.
1169 1954 1294 2014 Henzen
1323 1956 1365 2015 in-

264 2065 365 2144 script.
387 2062 479 2123 Orell.
499 2062 549 2122 III
572 2084 599 2143 p.
618 2067 700 2138 237).
738 2062 845 2122 deinde
870 2082 946 2140 quae
968 2061 1006 2120 de
1032 2063 1166 2139 tempore
1194 2078 1252 2137 quo
1282 2061 1368 2138 plura

264 2165 425 2246 agnomina
452 2183 470 2225 a
493 2165 637 2226 Romanis
650 2159 653 2163 ⁴
666 2166 783 2226 adsumi
813 2169 920 2244 coepta
946 2165 1050 2222 essent
1072 2161 1217 2222 Heinsius
1244 2162 1369 2242 protulit

263 2273 381 2331 tantum
411 2271 497 2328 abest
524 2274 560 2330 ut
588 2287 662 2330 uera
695 2271 769 2346 sint,
789 2245 835 2329 'ut
863 2268 904 2328 M.
919 2267 1039 2332 ‚Lollius
1060 2261 1203 2326 Pauhnu's
1226 2265 1368 2340 Valerius

264 2373 417 2433 Asiaticus
433 2370 613 2432 Saturninus
636 2375 682 2448 (cs.
702 2370 824 2433 Grutvi
843 2391 922 2451 corp.
940 2370 1072 2449 inscript.
1088 2367 1295 2444 CLXXXIX,
1317 2370 1368 2441 12)

268 2476 390 2538 Valerio
408 2475 516 2534 Flacco
533 2477 666 2554 aequalis
682 2475 778 2535 suerit.
813 2473 892 2550 quod
914 2493 982 2534 cum
1000 2473 1042 2532 ita
1059 2472 1098 2532 sit
1113 2475 1144 2533 et
1159 2492 1226 2532 cum
1242 2470 1369 2532 Setini

267 2598 376 2639 nomen
397 2597 450 2657 pro
473 2577 624 2654 gentilicio
649 2578 800 2636 interdum
823 2575 917 2634 fuisse
936 2579 1069 2650 constet,
1097 2578 1146 2654 (of.
1168 2575 1294 2635 Henzen
1311 2573 1330 2635 l.
1350 2574 1369 2633 l.

265 2703 295 2762 p.
313 2682 394 2758 243)
418 2679 488 2759 quin
520 2679 651 2766 quinque
676 2699 751 2758 quae
782 2678 877 2756 quinti
904 2677 973 2738 libri
1001 2678 1219 2758 subscriptione
1248 2677 1370 2737 servata

265 2785 336 2844 sunt
355 2783 474 2843 nomina
496 2783 586 2859 poeta
607 2785 710 2841 noster
732 2781 834 2842 tulerit
853 2781 953 2841 nullus
974 2781 1091 2856 dubito;
1115 2801 1168 2842 cur
1185 2782 1285 2839 tamen
1304 2777 1368 2837 Se-

265 2887 340 2945 tini
359 2885 475 2946 Balbi
502 2884 622 2944 nomina
646 2884 863 2964 adsumpserit,
892 2891 994 2944 utrum
1015 2885 1095 2963 quod
1118 2883 1237 2944 Setinos
1257 2881 1369 2941 Balbos

265 2989 412 3067 sanguine
432 2987 633 3064 contingeret,
662 3006 700 3046 an
728 2989 807 3066 quod
836 2988 1034 3048 hereditatem
1063 2989 1100 3047 ab
1129 2988 1166 3048 iis
1195 2985 1369 3065 accepisset,

265 3111 303 3152 an
326 3092 415 3152 aliam
436 3091 563 3168 denique
587 3091 623 3149 ob
648 3109 776 3168 causam,
796 3092 826 3151 id
849 3092 879 3151 in
900 3092 998 3152 medio
1020 3089 1163 3170 relinquo,
1184 3109 1251 3150 cnm
1269 3108 1368 3166 neque

266 3195 303 3254 de
324 3193 497 3274 parentibus
511 3193 744 3274 propinquisque
762 3195 842 3254 illius
861 3195 1022 3275 quidquam
1040 3196 1200 3256 memoriae
1218 3193 1369 3273 proditum

267 3298 315 3373 sit,
336 3317 434 3376 neque
454 3297 606 3356 nominum
627 3299 772 3358 rationem
796 3299 893 3377 qualis
916 3299 1129 3378 imperatorum
1154 3300 1289 3376 tempore
1304 3298 1369 3356 erat

266 3400 339 3460 satis
360 3401 420 3460 iam
442 3399 629 3480 exploratam
649 3401 812 3461 habeamus
837 3403 867 3460 et
889 3402 1047 3480 cognitam.
1082 3401 1141 3462 duo
1160 3402 1277 3460 restant
1291 3417 1369 3477 quac

263 3503 334 3563 huic
352 3503 545 3582 disputationi
567 3503 704 3562 addenda
726 3489 859 3562 videam:
878 3503 1007 3580 primum
1029 3522 1119 3582 quam
1135 3521 1242 3582 parum
1262 3501 1369 3582 proba-

263 3605 362 3666 biliter
383 3605 526 3666 Heinsius
548 3607 662 3666 Valerii
691 3621 846 3666 carmena
868 3601 970 3667 Setino
994 3605 1088 3666 Balbo
1118 3605 1247 3684 quodam
1268 3615 1380 3662 emen-⁴

264 3709 367 3770 datum
387 3729 455 3769 esse
478 3709 647 3788 suspicatus
670 3708 717 3768 sit.
753 3725 820 3766 oum
839 3706 919 3766 enim
936 3709 1142 3787 Argonautica
1157 3707 1215 3768 nisi
1233 3705 1368 3786 apaucis
1431 3765 1434 3770 ,
1537 3715 1538 3752 ³

262 3828 323 3871 non
344 3811 423 3870 lecta
444 3811 612 3889 videantur,
633 3830 693 3890 qua
715 3810 752 3870 de
775 3829 808 3868 re
832 3809 909 3870 infra
930 3812 1039 3890 dicam,
1061 3812 1121 3873 iarn
1141 3808 1271 3888 antiquis
1294 3810 1368 3870 tcm-

263 3914 385 3994 poribus
404 3915 580 3975 recensendi
601 3934 636 3976 ea
656 3915 1025 4000 necessitatem-extitisse
1040 3915 1093 3975 vix
1113 3917 1165 3976 aut
1179 3933 1218 3974 ne
1232 3912 1286 3974 vix
1305 3913 1368 3992 qui-

263 4016 332 4078 dem
365 4017 504 4078 credibile
535 4022 589 4078 est.
629 4018 736 4080 deinde
765 4021 844 4100 quod
857 4021 900 4080 in
929 4019 1061 4099 quinque
1090 4017 1199 4079 codicis
1228 4015 1367 4078 Vaticani
1449 4085 1453 4094 ¹

263 4121 529 4203 subscriptionibus
553 4120 680 4182 Setini
706 4143 813 4184 nomen
834 4127 1004 4186 extremum
1024 4123 1121 4182 locum
1141 4122 1233 4193 tenet,
1255 4139 1290 4179 eo
1313 4118 1365 4180 Se-

260 4223 320 4284 tiae
341 4229 461 4306 poetam
481 4227 586 4286 natum
607 4243 675 4284 esse
706 4226 869 4305 significari
890 4225 976 4288 facile
998 4225 1106 4303 aliquis
1128 4222 1309 4299 coniecerit,
1331 4227 1367 4286 ut

260 4327 385 4388 coniecit
407 4328 516 4390 Petrus
540 4328 702 4391 Marcellus
729 4329 911 4393 Corradinus
939 4331 971 4390 in
1001 4328 1076 4389 libro
1109 4327 1147 4387 de
1175 4326 1298 4388 civitate
1328 4332 1361 4389 et
