3086 4968
138 382 301 478 ,ἰο
700 425 928 468 rnmneeumson

176 623 184 636 ·
262 607 372 652 nomen
394 589 534 671 in'Pspii
554 589 630 652 libro
650 589 753 667 deest;
771 593 875 673 itaque
896 591 1017 658 Annon
1037 595 1153 677 mripsi,
1176 598 1258 677 quod
1278 597 1372 683 Mity-

260 690 360 754 lenaei
380 693 537 756 oninsdem
557 713 666 756 nornen
685 695 779 758 inisse
804 694 913 764 Suidus
936 699 1207 762 0001000001.-
1230 706 1293 766 223
1316 723 1393 785 pro»
1423 763 1427 770 .

262 795 393 872 oudo’tus,
412 799 552 878 eorrupto
570 797 713 861 librorum
733 797 915 876 testimonio,
932 799 1047 866 reditus
1068 801 1180 866 eonieei
1200 806 1232 868 et
1254 805 1287 866 in
1300 825 1371 872 eon·

255 900 379 962 ‘textum
401 901 517 981 reoepi,
538 902 655 964 dnobus
675 901 901 966 0010011010τῆ
921 903 1075 968 versibus:
1095 903 1146 968 111
1165 909 1227 969 304
1248 911 1371 990 quonum

260 1000 397 1066 reditus?
427 1003 491 1066 VII
509 1007 550 1067 89
568 993 652 1068 ‘ooo'
675 1007 720 1068 aii
735 997 800 1068 ‘hos
820 1006 951 1085 rediisse,
981 1028 1040 1072 noa
1058 1009 1151 1086 tono,
1180 1009 1291 1090 Aaou,
1321 1012 1371 1078 00·

259 1104 337 1168 osuii
352 1125 434 1188 0000
455 1096 589 1190 iusuper?
612 1143 657 1154 -
678 1112 742 1171 336
758 1107 906 1188 funereos
926 1129 1033 1174 monus
1054 1130 1131 1192 quse
1154 1117 1258 1178 essent
1276 1114 1368 1178 inter-

255 1209 361 1288 pretes
380 1208 603 1272 duuiuvermt
636 1209 828 1274 Burmannus
855 1211 908 1273 uel
929 1231 1035 1298 servos
1054 1213 1220 1297 intellexit,
1245 1219 1297 1299 qui
1315 1220 1368 1284 do-

256 1310 331 1374 mini
353 1331 429 1392 rogo
449 1313 551 1376 inieoti
579 1313 668 1376 simul
690 1316 911 1390 cremarentur,
938 1314 989 1378 vei
1009 1315 1128 1378 turbam
1154 1319 1244 1384 fimus
1263 1341 1368 1402 prese-

256 1415 423 1493 quentium,
443 1416 619 1496 Wagnerus
640 1436 747 1478 manus
765 1415 799 1478 in
820 1417 925 1480 funere
948 1417 1081 1498 parando
1102 1426 1273 1504 seeuputes.
1310 1426 1367 1491 sed

257 1517 333 1580 haee
354 1521 521 1582 commenta
541 1539 580 1580 ne
599 1519 675 1600 ipsis
696 1518 816 1601 quidem
837 1519 897 1587 illis
918 1520 992 1584 viris
1012 1521 1109 1584 doctis
1123 1525 1199 1586 eutis
1219 1526 1367 1592 feserunt.

255 1619 359 1700 iisqne
396 1622 605 1684 emendatione
632 1641 755 1684 versum
787 1643 879 1703 egere
904 1627 990 1688 retus
1022 1625 1179 1690 Valerium
1205 1627 1367 1708 scripsisse

256 1724 370 1787 eonieoi
387 1725 593 1810 pecudumque
622 1721 778 1790 morantur
794 1726 1038 1810 rufonuoqud
1061 1731 1167 1812 000000
1186 1749 1281 1810 ponus
1303 1731 1365 1794 ie.

255 1829 388 1910 pecudes
410 1834 554 1892 secuntur
575 1829 607 1891 in
628 1829 715 1908 regie
732 1832 919 1894 mortuorum
939 1832 1132 1909 muniendae,
1154 1834 1245 1912 prout
1264 1853 1364 1912 genus

253 1931 401 2012 uniusque
427 1933 486 1996 init
513 1935 547 1994 et
573 1932 693 1994 fortune
718 1936 750 1994 et
779 1952 851 1996 eure
877 1937 1080 2014 oognatorum.
1117 1936 1213 2000 mults
1242 1936 1363 2016 quidem

254 2035 386 2112 mutavi,
411 2037 469 2098 sed
493 2035 638 2097 inversu
664 2037 727 2097 tam
756 2040 897 2118 oouupto
923 2039 1109 2102 emendando
1139 2039 1363 2106 similitudinem

253 2136 423 2200 litterarum
445 2157 507 2200 non
533 2142 595 2200 tsm
621 2138 713 2202 anxie
735 2141 897 2204 ourmdom
923 2159 993 2205 esse
1014 2127 1164 2222 putabam.
1190 2177 1225 2188 -
1250 2163 1362 2208 versus

253 2243 319 2304 440
341 2261 460 2323 quoqne
480 2243 554 2304 dum
570 2243 658 2306 modo
679 2243 777 2324 possit
796 2243 965 2319 emendari,
987 2243 1046 2306 nisi
1063 2243 1208 2308 librorum
1226 2246 1361 2312 assumo

248 2344 303 2408 uio
316 2345 477 2410 ualentius
500 2348 616 2410 mutato
637 2366 698 2408 non
716 2347 931 2412 emendabitur.
962 2366 1085 2410 uersum
1103 2351 1277 2430 surruptum
1290 2369 1362 2414 esse

251 2467 290 2510 00
312 2448 445 2512 serpitur
465 2451 545 2532 quod
560 2454 754 2533 prosectaque
777 2453 890 2533 parir‘on
913 2454 1036 2534 pectora
1057 2452 1151 2514 verbe
1171 2471 1231 2514 non
1253 2457 1301 2516 est
1320 2455 1378 2530 ud*

232 2571 342 2630 ’0000
363 2554 540 2617 referantur.
571 2571 662 2634 qnam
685 2554 723 2615 ob
754 2573 818 2616 rem
839 2553 1031 2618 Burmannus
1058 2554 1138 2618 inter
1159 2559 1223 2618 439
1242 2558 1360 2620 01440

250 2654 366 2718 hiatum
394 2644 463 2717 esse
492 2656 663 2737 suspioetus
690 2659 746 2718 est
781 2660 885 2718 eontra
910 2655 1058 2738 ,Heinsius
1086 2657 1202 2722 Valerii
1234 2677 1358 2722 manum

249 2759 420 2822 restituisse
440 2758 497 2820 sibi
516 2760 601 2822 risus
620 2761 688 2822 erat
707 2777 761 2840 pro
776 2762 896 2842 posim
913 2781 969 2844 por
987 2762 1137 2828 oonieiens
1149 2761 1218 2842 sot
1239 2781 1295 2826 oro
1315 2764 1359 2839 io,

249 2879 329 2940 quse
357 2862 527 2924 eonieoture
553 2881 613 2924 non
640 2862 786 2943 displieet
823 2863 948 2926 dubium
974 2865 1109 2945 qudem,
1140 2864 1172 2928 in
1202 2863 1357 2926 sacrifieiis

249 2963 424 3028 lustratibus
442 2965 508 3028 deis
528 2966 686 3047 numquid
706 2967 846 3030 victimas
864 2967 978 3049 porrigi
995 2968 1118 3032 solitum
1131 2967 1172 3030 sit
1188 2965 1354 3045 (00001000-

250 3087 341 3130 menn
363 3069 473 3149 antiqu.
496 3088 540 3148 gr.
563 3068 597 3130 H
616 3088 644 3150 p.
666 3071 760 3149 221),
779 3072 835 3132 sed
854 3072 886 3134 in
905 3053 998 3136 versu
1016 3077 1082 3136 426
1105 3070 1232 3151 Mopsus
1252 3087 1356 3135 narru-

250 3172 302 3230 tur
327 3170 455 3232 humiles
487 3191 557 3234 uras
587 3173 761 3240 exturxisse
790 3177 823 3236 st
844 3194 874 3236 v.
893 3179 958 3240 443
988 3195 1024 3240 00
1048 3173 1259 3238 lustmminum
1282 3191 1356 3254 pars

250 3289 334 3353 qnae
363 3292 423 3336 non
449 3274 546 3338 sitin
571 3294 656 3338 mere
690 3277 784 3354 iente,
815 3278 928 3360 rapidis
962 3278 1089 3342 flammis
1117 3278 1250 3340 oromate
1277 3295 1354 3338 esse.

248 3377 356 3440 deinde
377 3382 500 3461 peotoro
529 3379 685 3442 redundat
717 3399 815 3461 neque
835 3383 937 3442 temen
958 3381 1181 3460 neglegendum
1203 3383 1252 3442 eet
1274 3380 1354 3461 quod

246 3483 426 3562 ⁸Wagnerus
460 3483 591 3559 monuit,
620 3483 720 3565 Mopsi
748 3502 857 3546 nomen
885 3485 917 3546 in
943 3503 1036 3547 versu
1065 3487 1130 3548 440
1157 3485 1265 3548 deesse
1294 3501 1356 3547 000

249 3605 356 3667 posse,
377 3605 443 3648 enm
462 3605 499 3647 00
517 3605 593 3668 ques
616 3589 814 3666 sequerentur
835 3587 874 3648 ad
894 3607 964 3650 eum
988 3589 1100 3664 solum,
1120 3608 1180 3652 nou
1202 3587 1241 3650 ad
1256 3586 1355 3648 Idmo-

248 3709 319 3754 uem
351 3687 551 3771 pertinerent;
585 3690 666 3752 unde
698 3690 898 3752 oonieetnram
931 3690 963 3750 in
992 3692 1128 3772 margine
1157 3689 1357 3754 Bononiensis

246 3792 448 3875 exemplaris,
476 3813 535 3873 quo
564 3791 724 3854 Harlesius
753 3793 895 3854 utebatur
925 3795 973 3872 (ei.
996 3796 1089 3875 praes.
1110 3793 1195 3860 Hert
1221 3813 1251 3874 p.¹
1269 3791 1357 3870 VII),

244 3898 391 3980 seriptum
405 3899 527 3980 portora
540 3895 609 3975 fort
626 3897 753 3979 Mopsus
775 3896 897 3978 recepit
935 3897 989 3958 sed
1010 3917 1079 3960 oum
1100 3899 1156 3962 hoe
1177 3895 1356 3962 sacrificium

248 4004 345 4064 totum
364 3999 602 4080 ebunoMopso
621 3997 794 4062 institutum
814 4005 846 4064 et
866 4001 1033 4082 perfeetum
1055 4020 1123 4064 esse
1143 4003 1234 4082 poeta
1254 4016 1358 4062 nerra-

248 4106 343 4183 verit,
366 4125 425 4168 uon
448 4107 496 4167 est
516 4124 570 4166 our
589 4103 745 4180 timeatur,
771 4123 810 4164 ne
834 4105 901 4186 quis
922 4123 959 4166 00
980 4123 1057 4184 quae
1077 4123 1202 4168 uersum
1222 4106 1286 4166 440
1309 4123 1356 4166 00-

246 4214 357 4272 ountur
370 4212 410 4273 ad
421 4208 578 4272 Idmonem
596 4206 746 4292 pertinere
760 4209 855 4288 putet
884 4227 961 4289 quae
982 4227 1050 4270 eum
1071 4208 1115 4270 ite
1127 4208 1188 4272 sint
1201 4207 1303 4272 nescio
1316 4225 1356 4268 sn

246 4311 391 4378 Heinsius
420 4316 578 4376 assecutus
606 4311 646 4374 sit
673 4311 745 4391 qnid
771 4311 913 4376 Valerius
940 4312 1103 4392 scripserit.
1141 4316 1274 4376 osterum
1300 4332 1356 4394 pre

202 4610 763 4954 J!
802 4704 1011 4954 ju
