3086 4968
608 454 612 461 ,
665 411 754 452 CAPUT
769 413 788 454 1.
1198 417 1276 459 XXXV

164 573 278 655 rclnit,
304 581 366 640 tam
393 578 485 656 longe
513 579 678 640 recessisse
698 580 811 656 undas,
838 583 874 641 ut
901 583 1001 642 turres
1028 582 1097 646 olim
1119 583 1275 648 demersae

163 681 275 743 iterum
296 684 494 762 apparerent,
514 699 552 743 ea
572 681 672 745 inesse
697 687 832 765 possunt

268 785 321 846 111
343 786 407 848 150
426 784 521 845 rerba
538 803 616 863 quae
630 790 702 850 sunt
715 788 837 868 taboque
849 784 980 848 aalma
995 789 1080 868 terpc
1094 788 1121 849 si
1134 788 1276 871 Baptista

162 885 237 948 Pius
252 890 285 949 et
298 887 492 948 Burmannus
513 891 597 948 recte
619 887 837 970 explicuerunt,
859 883 1045 950 ut'loboutic
1065 894 1149 973 torpa
1171 896 1275 955 essent

162 983 334 1052 diffluentia
360 987 413 1050 vel
432 981 617 1067 'dilabentia,
643 991 785 1053 Valerius
808 989 959 1068 neglexit,
989 991 1083 1054 luisse
1109 1013 1146 1057 ea
1167 1015 1273 1058 recens

162 1095 358 1154 mortuorum.
392 1111 482 1170 quam
500 1095 723 1173 neglegentiam
744 1113 783 1156 ne
801 1093 957 1175 putaveris
971 1113 1007 1156 eo
1023 1098 1173 1175 excusari,
1195 1102 1275 1180 quod

161 1199 255 1278 poeta
267 1195 439 1275 Vergilium
455 1195 584 1258 fortasse
604 1197 738 1259 imitatus
762 1199 811 1273 sit,
833 1195 929 1277 quiin
951 1197 1039 1260 tertio
1056 1195 1273 1282 Georgicorum

162 1300 242 1362 libro
264 1293 407 1361 Noricam
433 1302 552 1380 pestem
578 1299 751 1360 describens
776 1319 804 1360 v.
827 1301 890 1362 557
913 1300 1097 1384 Tisiphonen
1125 1306 1212 1388 tatpi
1230 1305 1275 1368 di-

161 1405 250 1486 lapso
270 1403 415 1465 amavero
435 1404 501 1465 tabo
521 1401 553 1462 in
575 1402 702 1464 stabulis
731 1421 897 1482 aggerasse
919 1405 1005 1470 dixit.
1041 1425 1130 1490 quam
1150 1409 1188 1470 ob
1208 1430 1274 1472 rem

164 1506 261 1586 siquis
288 1508 422 1568 natanto
456 1523 525 1567 cum
552 1503 678 1566 Heinsio
705 1507 754 1566 vel
786 1508 935 1572 madentia
962 1531 1029 1572 cum
1060 1511 1274 1576 Friesemannc
1384 1556 1387 1564 ·

166 1609 300 1670 voluerit
321 1627 484 1689 reponere,
505 1627 566 1669 non
587 1608 735 1689 obloquar.

270 1711 318 1773 Ea
342 1712 442 1791 figura
465 1729 556 1791 qnam
583 1702 798 1796 ἀποστροφὴν
827 1713 965 1774 rhetores
987 1719 1098 1778 vocant
1117 1717 1275 1779 Valerium

162 1833 257 1895 supra
278 1814 379 1876 monui
401 1814 432 1874 in
455 1815 530 1875 libro
561 1818 667 1876 octavo
695 1815 855 1876 infeliciter
874 1835 966 1878 nsum
987 1837 1063 1880 esse.
1099 1820 1180 1880 idem
1197 1821 1273 1883 iudi-

161 1917 291 1979 candum
313 1921 361 1979 est
382 1917 582 1993 deIH181,
603 1937 661 1997 quo
683 1918 722 1978 ad
744 1917 894 1998 Ornytum
916 1920 1138 1984 adolescentem
1162 1924 1200 1984 ab
1220 1922 1270 1984 Id-

160 2041 250 2082 mone
268 2020 458 2082 interfectum
479 2022 537 2082 hoc
551 2022 638 2082 modo
653 2039 822 2082 sermonem
839 2022 950 2085 avertit
964 2023 1064 2088 decere
1077 2045 1154 2089 nanc
1168 2046 1273 2090 cernua

161 2128 190 2188 at
211 2125 411 2207 nympharum
439 2126 535 2187 durae
557 2143 680 2186 amorre.
717 2143 794 2204 quae
817 2125 937 2204 quidem
958 2127 1062 2189 inrisio
1083 2149 1120 2190 eo
1140 2129 1270 2210 ineptior

161 2229 227 2302 est,
255 2227 336 2306 quod
363 2219 490 2289 mortem
520 2226 599 2287 illius
628 2228 718 2307 paulo
741 2229 811 2287 ante
835 2231 963 2291 venuste
984 2232 1016 2291 et
1036 2231 1079 2292 ita
1101 2235 1136 2293 nt
1156 2233 1270 2294 miseri-

161 2329 295 2390 cordiam
316 2334 452 2392 moreret
473 2331 682 2410 descripserat.
724 2347 784 2408 qua
806 2331 1016 2394 observatione
1039 2331 1178 2394 effectum
1199 2353 1269 2395 esse

162 2434 311 2512 arbitror,
333 2425 368 2495 ut
388 2435 533 2496 Heinsius
554 2434 667 2497 deamat
686 2433 743 2494 lica
762 2434 936 2512 praeferret.

181 2529 183 2536 ’
263 2537 312 2599 IV
335 2541 398 2600 507
427 2538 486 2600 etsi
507 2542 555 2600 cic
572 2539 626 2600 ubi
645 2555 736 2598 voces
757 2536 856 2598 locum
877 2539 988 2600 habere
1009 2557 1070 2600 non
1093 2557 1183 2618 posse
1204 2559 1270 2601 cer·

160 2641 278 2702 tissime
308 2643 385 2718 scio,
415 2642 518 2703 dubito
554 2645 656 2702 tamen
687 2639 789 2699 utrm
815 2639 930 2701 Valerii
956 2640 1168 2720 neglegentiae
1199 2641 1269 2703 illae

160 2746 343 2822 debeantur,
359 2755 411 2808 'an
427 2743 615 2806 librariorum
638 2746 670 2805 et
689 2743 822 2805 incuriae
842 2745 874 2804 et
891 2743 1079 2823 ignorantiae
1100 2741 1267 2804 latinitatis

159 2852 213 2910 aut
230 2848 312 2909 enim
332 2848 376 2909 sic
393 2867 444 2908 res
465 2849 568 2928 potest
589 2845 687 2907 animo
709 2845 877 2922 informari,
897 2850 932 2908 nt
953 2845 1094 2909 Valerius
1114 2845 1269 2908 festinanti

158 2971 250 3014 mann
279 2953 413 3013 scrrbens
442 2951 573 3013 voluerit
601 2950 720 3030 quidem
751 2965 769 3008 a
797 2948 921 3009 vocibus
950 2949 1010 3010 illis
1035 2949 1167 3030 incipere
1189 2967 1267 3010 com·

158 3056 360 3136 parationem,
384 3054 530 3116 sedeam
551 3071 588 3114 ea
608 3053 724 3114 ratione
746 3071 811 3112 rem
832 3070 939 3131 parum
960 3051 1086 3114 feliciter
1102 3053 1266 3134 procedere

158 3159 436 3232 animadvertisset,
458 3157 546 3218 aliter
562 3157 731 3236 perrexerit
752 3158 795 3216 cic
815 3157 871 3217 ubi
886 3158 1004 3216 motare
1022 3155 1140 3231 oblitus,
1162 3155 1267 3217 autad

158 3261 357 3323 coniecturam
393 3260 578 3322 redeundum
607 3262 656 3319 est
685 3261 717 3318 et
739 3257 929 3320 scribendum
956 3259 1084 3320 fortasse
1111 3261 1198 3339 atque
1223 3262 1266 3336 ut,

159 3366 238 3444 quod
258 3365 290 3425 in
311 3363 501 3426 adnotatione
521 3362 624 3424 critica
646 3361 798 3442 proposui.
835 3379 927 3442 supra
946 3364 980 3422 nt
1002 3360 1152 3422 alibrario
1167 3362 1266 3443 aliquo

157 3473 215 3546 cic,
249 3469 328 3549 qnod
356 3469 388 3529 in
411 3467 449 3528 iis
469 3483 546 3546 quae
572 3467 717 3526 secuntur
744 3463 786 3524 illi
807 3463 874 3524 voci
892 3463 1089 3544 respondeat,
1121 3464 1267 3546 scriptum

159 3591 227 3634 esse
258 3575 291 3632 et
311 3573 418 3652 postea
439 3568 602 3648 genuinum
621 3571 707 3650 atquc
732 3587 750 3626 e
771 3565 872 3626 verbis
895 3568 1002 3646 poetae
1021 3566 1146 3630 eiecisse
1169 3572 1267 3652 suspi-

158 3693 227 3752 cor,
257 3656 328 3735 inde
350 3673 441 3735 latius
462 3672 595 3752 repsisse
617 3670 834 3751 corruptelam,
858 3671 894 3729 ut
916 3667 1064 3731 existeret
1086 3671 1165 3751 quod
1186 3691 1267 3734 nnnc

158 3779 303 3840 habemns
331 3776 362 3837 in
391 3775 547 3837 Vaticano.
590 3775 723 3836 iudicent
751 3771 909 3854 peritiores
932 3771 1062 3852 quidde
1091 3773 1149 3834 hoc
1173 3791 1266 3834 versu

159 3883 353 3944 statuendum
372 3879 428 3955 sit,
458 3879 532 3941 illud
553 3881 653 3940 tanim
675 3880 743 3939 nolo
764 3875 1023 3959 praetermittere,
1045 3893 1134 3954 quam
1157 3875 1265 3936 mirum

159 3985 213 4062 sit,
233 3969 310 4045 nulli
330 3981 490 4063 interpreti
510 3985 555 4042 cic
575 3983 631 4044 ubi
649 4000 740 4043 voces
761 3979 916 4041 offensioni
935 3979 1038 4040 inisse.

257 4087 305 4149 VI
329 4091 369 4149 15
393 4106 455 4166 sqq.
478 4084 627 4146 Bulacum
657 4087 689 4145 et
715 4081 875 4143 Heinsium
905 4081 1073 4153 vexarunt,
1101 4077 1155 4137 sed
1181 4075 1262 4137 illius

156 4189 327 4252 coniectura
346 4188 541 4269 mandataque
559 4187 664 4248 Peraea
686 4185 783 4248 edocet
806 4183 898 4264 effari
915 4185 1032 4264 Minyis
1053 4197 1129 4260 quae
1158 4179 1263 4242 insunt

155 4293 185 4352 in
196 4280 260 4353 ’bis
292 4292 432 4354 versibus
455 4290 633 4353 offensiones
656 4308 714 4349 non
739 4293 948 4359 removentur,
974 4279 1139 4343 Heinsiana
1160 4284 1261 4342 autem

1000 4401 1013 4434 ο
1025 4385 1040 4415 ἢ
