3072 4974
683 397 707 436 c.
721 396 830 438 VALRBI
844 398 943 438 mem

349 568 475 630 quorum
495 547 605 629 aquilis
625 548 776 631 utrimque
794 549 921 628 micant,
944 551 1110 630 eademque
1129 554 1264 634 parentis

348 672 420 714 rura
441 652 558 727 colunt,
578 653 660 713 idem
679 652 775 713 lectos
795 671 837 712 ex
858 653 994 714 omnibus
1016 655 1099 733 agris
1303 659 1369 717 405

347 754 471 815 miserat
494 752 599 814 infelix
621 771 682 815 non
699 753 775 815 haec
797 754 836 816 ad
857 755 972 836 proelia
994 755 1140 836 Thybrim

349 858 392 919 sic
413 858 501 918 modo
523 859 685 918 concordes
706 859 891 937 externaque
913 858 976 919 sata
996 861 1137 939 petentes

348 958 479 1021 Palladii
499 977 627 1040 rapuere
648 962 764 1036 metus,
786 961 830 1020 sic
849 960 881 1020 in
900 979 956 1022 sua
977 961 1060 1022 versi
1238 963 1241 966 ’

347 1062 454 1123 itinera
472 1065 653 1124 concurrunt
671 1063 798 1122 dominis
819 1063 1030 1124 revocantrhns
1053 1083 1136 1125 axes.

346 1165 490 1224 nontam
509 1164 598 1226 foeda
617 1165 717 1224 virum
736 1165 939 1227 Laurentibus
959 1166 1081 1246 agmina
1102 1167 1193 1228 terris
1301 1175 1370 1232 410

348 1265 464 1326 eiecere
483 1267 562 1345 noti,
585 1266 699 1349 Libyco
720 1285 777 1326 nec
799 1267 868 1328 talis
889 1268 989 1348 imago

335 1367 453 1443 litore,
476 1387 545 1429 cum
565 1369 677 1430 fractas
698 1368 856 1431 involvunt
876 1361 1008 1452 aequora
1023 1391 1149 1453 puppes

347 1457 417 1532 hinc
437 1471 570 1551 biiuges,
594 1471 676 1532 illinc
698 1477 782 1534 artus
802 1473 966 1534 tenduntur
986 1473 1086 1548 eriles,

347 1593 422 1655 quos
442 1573 534 1650 radii,
557 1593 631 1655 quos
652 1575 738 1636 hena
759 1579 875 1650 secaut;
898 1575 1085 1656 trahiturque
1106 1578 1257 1660 trahitque

347 1697 454 1738 currus
468 1677 568 1738 caede
587 1677 729 1754 madens,
750 1680 875 1758 atroque
895 1677 926 1738 in
947 1679 1074 1759 pulvere
1095 1699 1203 1758 regum
1300 1689 1365 1746 415

347 1779 467 1842 viscera
486 1798 567 1842 nuuc
588 1779 757 1858 aliis,·aliis
778 1800 857 1841 nunc
878 1779 1014 1841 curribus
1036 1781 1169 1847 haerent.
1265 1811 1268 1818 ’
1331 1781 1336 1786 ’

347 1883 422 1944 haut
442 1901 571 1963 usquam
588 1879 767 1944 Colchorum
786 1883 892 1945 animi:
915 1901 1014 1962 neque
1021 1930 1191 1951 .......

346 1987 424 2062 tela,
447 1988 495 2046 set
516 1984 665 2066 inplicitos
684 1985 853 2066 miseraque
873 1986 905 2046 iu
926 1988 1013 2067 peste
1034 1989 1185 2053 revinctos

346 2089 532 2164 confodiunt,
555 2105 591 2148 ac
611 2086 707 2148 forma
729 2087 811 2148 necis
833 2108 893 2149 non
917 2090 1012 2152 altera
1034 2095 1140 2173 surgit,
1211 2091 1214 2096 “

347 2211 436 2274 quam
457 2209 564 2254 cervos
585 2187 636 2251 ubi
656 2210 717 2252 nou
737 2189 849 2252 Umbro
868 2194 997 2254 venator
1017 2195 1109 2275 edaci,
1299 2203 1365 2260 420

345 2313 406 2355 non
427 2293 520 2375 pinna
540 2292 632 2374 petit,
652 2294 813 2355 haerentes
834 2295 888 2354 sed
908 2296 1046 2357 cornibus
1068 2299 1138 2360 altis

343 2396 466 2459 invenit
479 2398 511 2457 et
529 2413 618 2458 caeca
638 2397 814 2457 constrictos
833 2397 945 2477 excipit
963 2399 1016 2460 ira

345 2498 411 2580 ipse
433 2497 599 2560 recollectis
621 2499 722 2559 audax
744 2497 940 2560 Ariasmenus
961 2502 1052 2562 armis

346 2599 459 2675 desilit;
488 2603 573 2662 illum
594 2602 674 2664 acics
695 2618 805 2660 curvae
827 2603 910 2662 secat
931 2605 1063 2685 undique
1084 2607 1168 2669 falcis

258 2801 513 2816 ...p—...-

362 2965 413 3012 404
430 2961 527 3026 aqualis
550 2963 575 3012 V
640 2959 774 3024 eademque
793 2965 910 3025 parentes
929 2966 998 3015 Rura
1017 2967 1102 3018 colunt
1117 2963 1230 3031 ‘repetito
1247 2967 1360 3035 quorum’

258 3048 422 3097 Burnuanuc.
459 3046 576 3096 Parentis
596 3043 678 3109 (litera
696 3046 838 3112 maiuscula)
857 3051 962 3110 exprimi
978 3054 1051 3101 iussit
1074 3055 1225 3119 chncms,
1250 3066 1277 3105 at
1297 3067 1362 3107 esset

252 3147 303 3195 pro
319 3133 406 3182 Patras
422 3132 504 3181 11555.
524 3127 641 3192 ‘sartam
659 3133 827 3197 ceruendum
844 3133 977 3198 eademque
996 3141 1142 3203 parentum,
1161 3141 1205 3192 hoc
1220 3149 1257 3190 est
1274 3145 1361 3207 pater-

255 3211 296 3267 na’
315 3219 488 3278 Peerlkcrnpas
504 3219 539 3266 ad
552 3217 615 3265 Hor.
635 3220 702 3278 epod.
721 3214 749 3265 11
769 3220 783 3264 3
855 3222 904 3268 405
923 3217 989 3268 idern
1008 3221 1087 3272 lectos
1101 3225 1272 3276 communibus
1291 3227 1362 3290 agris

255 3303 414 3352 Bammnnus
483 3306 532 3352 406
550 3300 631 3367 tybris
654 3303 679 3352 V
745 3305 795 3351 408
813 3301 923 3352 Palladii
941 3306 988 3354 M:
1011 3305 1121 3360 Palladit
1142 3313 1167 3362 V
1232 3316 1284 3362 410
1301 3313 1363 3363 Non

255 3389 308 3436 tarn
333 3386 411 3438 densa
433 3388 516 3438 virum
538 3389 576 3436 oel
598 3387 657 3436 Non
680 3389 719 3436 tot
741 3386 869 3450 navifragi
889 3389 1011 3438 1155555
1115 3400 1165 3445 412
1189 3411 1299 3461 aequora
1323 3407 1362 3465 ψ,
1466 3427 1468 3432 .

256 3485 363 3536 aequore
375 3473 400 3524 V
484 3477 534 3524 413
553 3474 622 3521 artus
640 3472 723 3520 maza.
733 3485 743 3520 .·
760 3487 833 3521 arcus
845 3475 930 3523 VBoo.
939 3511 946 3536 ,
965 3477 1096 3528 archusM
1157 3481 1276 3532 tendutur
1287 3485 1312 3534 V

255 3555 346 3606 aeriles
365 3558 391 3607 V
491 3564 542 3608 414
559 3569 622 3622 quos
639 3559 706 3605 temo
727 3561 794 3606 secat
819 3560 953 3621 Heinsius,
987 3577 1048 3627 quos
1074 3565 1125 3614 tela
1152 3569 1361 3617 5551141155-

256 3657 361 3692 manum
377 3645 394 3692 1.
415 3647 431 3693 l.
447 3661 475 3705 p,
498 3645 546 3690 113
634 3645 684 3691 415
703 3639 761 3691 cede
784 3643 809 3692 V
892 3649 942 3695 416
964 3645 1091 3701 ViceraV
1167 3652 1294 3704 herentV

256 3733 306 3779 411
325 3727 448 3778 Exultant
466 3725 616 3778 Colchorum
634 3724 711 3774 animi
728 3727 849 3775 Heinsius
936 3731 1046 3782 lacunam
1064 3737 1219 3800 siqnffloaoi:
1235 3753 1315 3803 neque
1332 3738 1361 3789 in

254 3815 326 3879 peste
343 3812 472 3864 reuinctos
494 3811 550 3863 VM
571 3807 607 3872 (in
624 3805 748 3860 45155555
766 3827 818 3860 csse
837 3811 1006 3878 significatus
1023 3827 1060 3867 est
1075 3821 1103 3867 s'a
1119 3818 1177 3885 M),
1202 3836 1282 3887 neque
1299 3837 1362 3875 cura

255 3911 343 3948 carere
360 3900 394 3959 0,
420 3914 472 3948 uon
488 3894 583 3961 inclyta
602 3893 695 3944 dextris
717 3905 754 3963 ψ,
780 3896 851 3958 quum
867 3900 981 3962 Phihppi
996 3902 1112 3953 Beroalda'
1129 3920 1182 3956 esse
1199 3911 1361 3960 coniecturam

246 3985 316 4034 'Pius
334 3985 405 4033 testis
422 3993 481 4060 εει,ι
491 3996 542 4031 non
559 3979 638 4029 incita
654 3979 750 4030 dextris
766 3983 924 4034 cumanus
992 3991 1043 4036 418
1059 3989 1158 4038 uastat*
1222 3999 1273 4046 419
1293 3995 1359 4047 (lou-

254 4067 366 4135 ioditunt
386 4069 412 4120 V
511 4063 590 4114 altera
608 4063 692 4127 surgit
709 4074 748 4132 qt:
766 4067 840 4118 aliter
858 4069 957 4135 asurgit
977 4073 1007 4133 V,
1028 4071 1092 4122 alter
1108 4079 1207 4142 asurgit
1224 4081 1259 4130 M

251 4157 302 4206 421
319 4155 436 4206 herentes
459 4153 484 4203 V
585 4155 635 4201 422
646 4150 750 4216 'excipit
767 4149 844 4205 Pius:
862 4156 956 4220 accipit
977 4158 1080 4210 VOBon.
1170 4163 1260 4216 umbra
1276 4167 1359 4218 11515-

250 4291 304 4340 sius
406 4293 456 4340 424
475 4234 553 4354 falcis
571 4290 617 4342 M:
636 4288 713 4341 falces
736 4291 761 4342 V
