3086 4968
274 437 351 480 mn
716 429 943 472 ruoumomou

279 623 299 666 a
319 601 470 664 sententia
491 597 617 678 probum
641 597 705 672 est,
728 597 782 658 sed
803 597 921 658 insolite
943 597 975 656 et
996 597 1122 657 obscure
1145 597 1189 658 ita
1205 599 1332 678 dictum,
1355 605 1391 661 ut

279 707 320 768 sit
345 705 487 786 procerte
512 701 611 762 omnic
632 703 794 782 spectemus
815 700 864 760 uel
891 719 1077 781 wacca.
1114 695 1193 780 tuae
1214 719 1255 760 ex
1277 701 1391 764 Aldina

278 805 408 868 editione
431 805 461 865 in
484 819 588 862 omnes
606 817 684 881 quae
699 805 821 865 secutae
836 808 908 864 sunt
921 801 1068 862 editiones
1084 803 1204 865 transiit
1217 803 1391 866 coniectura

279 913 335 972 etet
349 907 459 991 proctd
479 909 521 982 e,
553 924 590 965 ea
613 903 684 984 quin
704 904 875 966 reiectanea
893 905 934 966 sit
953 903 1037 966 nulla
1058 907 1159 986 potest
1182 924 1250 966 esse
1271 907 1390 968 dubita-

280 1013 338 1088 tio,
368 1011 434 1073 sive
449 1007 552 1092 pudor
573 1007 738 1068 retinemus
759 1007 824 1068 sive
841 1029 937 1090 pcocr
959 1027 999 1068 ex
1021 1008 1127 1068 eadem
1148 1009 1261 1072 Aldina
1284 1011 1390 1091 recipi-

281 1135 356 1176 mus.
401 1113 514 1176 etenim
538 1111 563 1171 si
584 1109 783 1188 Argonautae
810 1129 895 1190 spem
920 1111 1004 1172 aurei
1029 1111 1152 1173 velleris
1178 1112 1210 1172 in
1231 1111 1391 1175 Graeciam

282 1216 453 1298 reportandi
474 1212 619 1288 abiciunt,
648 1231 746 1292 neque
776 1211 874 1292 pudor
900 1213 987 1275 abest
1006 1233 1106 1294 neque
1127 1233 1236 1295 pavor:
1265 1221 1302 1276 ut
1324 1236 1390 1278 sen·
1468 1222 1471 1227 '

281 1319 379 1380 tentia
399 1317 513 1378 existat
534 1319 572 1380 ab
595 1319 651 1378 hoc
666 1316 731 1378 loco
746 1335 870 1395 prorsus
885 1315 990 1378 aliena
1007 1351 1050 1364 ····
1068 1317 1116 1380 VI
1131 1320 1194 1378 244
1209 1315 1391 1398 Campesum

283 1421 371 1480 hasta
399 1417 478 1480 inter
502 1419 583 1481 latus
612 1420 645 1480 et
674 1418 725 1480 ilia
751 1419 871 1500 inpacta
899 1419 1075 1481 morientem
1098 1420 1248 1481 sublatum
1268 1437 1340 1480 esse
1361 1421 1392 1479 et

281 1522 315 1582 in
340 1521 457 1582 hastam
482 1521 678 1596 descendisse,
707 1524 769 1582 tam
795 1521 938 1582 inusitate
964 1523 1077 1583 dictum
1097 1525 1159 1598 est,
1190 1524 1225 1583 ut
1245 1522 1392 1586 Heinsius

282 1623 393 1688 desidet
410 1623 600 1706 proposuerit
620 1643 674 1705 pro
694 1623 848 1685 descccdc't.
871 1655 912 1666 —
933 1623 981 1685 VI
997 1630 1059 1687 247
1082 1627 1260 1706 lrbquuntcr
1278 1625 1393 1702 legitur

285 1727 316 1788 in
337 1727 492 1790 Vaticano.
527 1728 607 1806 qnod
635 1747 702 1788 eum
723 1725 791 1786 huic
811 1727 876 1786 loco
900 1745 959 1786 non
983 1730 1087 1808 aptum
1109 1729 1206 1804 esset,
1234 1727 1394 1807 truduntur

285 1831 373 1913 posui
401 1851 419 1891 e
448 1830 549 1893 codice
579 1830 731 1894 (laurionis
759 1832 790 1889 et
822 1827 951 1890 editione
978 1828 1101 1907 Aldina,
1129 1847 1309 1910 quamquam
1333 1847 1393 1889 non

286 1935 477 2014 ignorabam,
500 1933 654 1995 Valerium
676 1934 720 1994 sio
741 1931 871 1992 seribere
895 1951 954 1992 non
976 1933 1110 2014 potuisse
1129 1932 1187 1991 nisi
1206 1931 1291 1991 verbi
1311 1931 1394 1992 illius

286 2037 505 2116 significatione
534 2057 611 2116 quae
640 2039 688 2098 est
713 2033 891 2117 liquefacere
912 2036 1108 2109 tramutata,
1135 2035 1171 2093 nt
1190 2036 1274 2093 esset
1290 2036 1396 2115 capere

286 2141 336 2201 uel
355 2141 494 2203 alebaece.
518 2173 560 2184 -
582 2138 629 2202 vl
644 2142 707 2200 248
726 2141 818 2200 ictum
839 2139 943 2200 tollere
964 2136 1044 2198 idem
1065 2135 1217 2215 signifieat
1237 2136 1316 2215 quod
1333 2157 1396 2198 mc-

288 2263 359 2306 mcm
381 2244 421 2306 cd
439 2247 531 2307 dium
550 2243 662 2306 tollere.
677 2279 715 2288 —
741 2243 779 2302 de
804 2240 849 2301 VI
866 2244 929 2302 417
952 2240 1028 2301 infra
1051 2238 1148 2300 dicam
1169 2241 1293 2319 propter
1313 2239 1395 2300 lucu-

288 2365 358 2408 nam
381 2345 508 2427 quaein
529 2345 677 2407 Vaticano
703 2347 752 2404 est
779 2347 811 2405 et
831 2344 909 2404 male
933 2343 1055 2424 expleta
1076 2341 1107 2401 in
1131 2340 1206 2402 libro
1227 2339 1396 2417 Carrionis3

288 2448 345 2508 hoe
367 2449 431 2509 loco
453 2448 605 2508 monuisse
627 2445 751 2519 suflicit,
773 2446 874 2507 verbis
897 2465 973 2526 quae
994 2447 1065 2505 sunt
1084 2445 1157 2506 bcut
1183 2464 1308 2525 usquam
1330 2446 1397 2509 Oct-

289 2551 411 2610 clccrcm
427 2551 526 2610 enimi
538 2548 660 2609 virtutis
676 2549 863 2609 exhibendae
878 2549 992 2629 copiam
1008 2547 1126 2609 Colchis
1141 2548 1272 2638 defuisse
1287 2567 1396 2629 parum

289 2650 418 2711 dilucide
437 2649 605 2729 significari.
621 2685 663 2694 -
686 2649 733 2712 VI
752 2651 959 2712 teoloneis
983 2654 1064 2712 taeta
1084 2649 1256 2710 recentibus
1274 2669 1397 2731 semper

290 2751 380 2811 sertis
408 2753 513 2813 ornata
537 2756 626 2814 certis
650 2755 778 2815 recentia
805 2755 958 2813 vocantur.
979 2787 1023 2798 -
1051 2751 1097 2812 VI
1120 2756 1182 2813 614
1206 2754 1298 2815 Iason
1315 2773 1419 2820 eom,

289 2856 414 2934 paratur
435 2874 503 2914 oum
523 2856 625 2931 leone,
656 2855 707 2934 qui
731 2857 762 2918 in
791 2857 909 2917 stabula
933 2856 1041 2936 irrupit
1062 2857 1093 2915 et
1113 2856 1143 2916 in
1166 2875 1269 2917 omnes
1290 2857 1395 2936 partes

290 2956 396 3032 saevit,
418 2957 496 3037 quod
518 2959 565 3020 his
587 2955 687 3021 verbis
708 2963 797 3041 poeta
819 2959 984 3039 expressit:
1006 2959 1133 3020 stabulis
1153 2960 1252 3039 pactis
1272 2960 1317 3021 leo
1332 2979 1395 3021 scc-

290 3064 332 3122 cc't
351 3064 459 3142 opimis
480 3062 642 3124 lacerans
662 3066 833 3145 spcrpitpae
852 3063 971 3142 semem
991 3063 1142 3142 mutumne
1162 3082 1290 3124 cruores.
1330 3061 1352 3136 i„
1368 3081 1394 3122 e.

292 3169 326 3227 ut
347 3166 395 3227 leo
415 3167 490 3227 nam
509 3166 588 3227 same
610 3169 760 3245 urguente
778 3166 937 3226 excitatam
956 3167 1043 3227 modo
1058 3167 1088 3226 in
1102 3167 1158 3226 hoo
1171 3165 1258 3226 modo
1272 3164 1304 3225 in
1319 3165 1394 3226 illud

291 3289 385 3350 pecus
406 3274 529 3333 vertens
559 3290 620 3330 non
645 3291 736 3331 unum
762 3271 816 3330 sed
840 3270 934 3330 multa
956 3268 1102 3330 intertioit.
1136 3267 1312 3346 Wagnerus
1333 3287 1395 3328 non

288 3371 392 3452 inepte
414 3373 518 3434 Silium
540 3374 737 3452 comparavit,
760 3373 844 3433 cuins
868 3377 916 3434 est
937 3371 967 3433 V
986 3375 1048 3432 286
1069 3372 1179 3433 bostem
1204 3375 1327 3434 mutare.
1349 3406 1394 3418 --

288 3472 336 3534 VI
356 3477 415 3533 712
439 3475 490 3552 qui
519 3475 616 3534 oleam
635 3475 679 3536 ita
702 3476 841 3551 eollceat,
869 3483 904 3535 ut
929 3476 1028 3536 ventis
1057 3473 1227 3535 foventibus
1256 3475 1395 3554 exposita

289 3571 341 3648 sit,
370 3573 452 3633 illam
470 3573 618 3652 felicatas
642 3580 735 3640 centis
761 3579 887 3659 implere
917 3578 1031 3640 dicitur.
1055 3611 1096 3622 -
1119 3576 1224 3639 Vlla
1253 3577 1394 3637 Medeam

289 3673 456 3734 insomnem
482 3676 590 3736 iecisse
616 3681 647 3738 et
673 3681 767 3739 multa
797 3685 934 3758 questam
963 3700 1032 3740 esse
1055 3678 1197 3739 Valerius
1226 3680 1273 3741 his
1291 3667 1393 3741 verbis

288 3775 484 3856 significavit:
506 3781 617 3840 vertere
640 3783 817 3843 tuacccca'cs
827 3803 886 3863 per
899 3783 986 3864 longe
1005 3785 1151 3845 insomnia
1171 3787 1297 3865 questas,
1313 3803 1392 3863 quae

289 3882 326 3942 ab
342 3877 468 3939 Heinsio
490 3881 581 3942 variis
603 3884 779 3945 coniecturis
801 3889 947 3964 temptate
969 3892 1046 3947 sunt.
1080 3886 1111 3945 in
1124 3885 1270 3947 vertendo
1290 3889 1391 3947 autem

288 3984 321 4043 et
342 3981 481 4044 movendi
501 3983 581 4044 notio
611 3985 692 4048 inest
721 3989 753 4047 et
774 3990 916 4050 mutandi.
940 4025 980 4032 -
1004 3988 1068 4051 VII
1082 3992 1145 4050 537
1167 3991 1220 4050 cte
1238 3987 1392 4051 deaceae

288 4085 419 4148 Maserio
442 4088 474 4146 et
496 4084 621 4149 Heinsio
644 4089 799 4151 offensioni
821 4092 886 4165 suit,
908 4111 1033 4172 qnorum
1049 4090 1099 4150 ille
1114 4091 1193 4152 mici
1208 4089 1312 4152 deinde
1331 4109 1390 4150 non

286 4190 364 4248 male
387 4191 556 4271 suspicatus
577 4195 640 4268 est,
665 4192 714 4255 hie
741 4213 812 4255 mccc
832 4194 936 4255 debete
963 4193 1125 4272 proposuit.
1158 4191 1314 4274 repudiavi
1334 4193 1389 4252 has

284 4290 485 4374 coniecturas,
512 4314 571 4356 non
593 4297 673 4376 quod
693 4295 843 4358 insolitam
866 4314 935 4356 esse
953 4294 1113 4355 dictionem
1134 4296 1216 4356 illam
1237 4313 1390 4373 negarem,
