3086 4968
640 444 729 486 CAPUT
753 441 784 482 11.
1198 441 1267 480 nm

155 639 224 682 esse
237 619 335 680 iudico
351 618 404 678 aui
420 615 524 678 fallere
540 612 673 675 voluisse
691 609 780 680 alios;
799 604 967 668 certissima
982 603 1106 666 enimin
1120 609 1261 686 promptu

155 727 228 786 aunt
248 723 445 806 argumenta,
473 718 580 800 quibus
610 713 742 776 codicem
763 709 848 770 illum
869 709 989 770 saeculo
1012 707 1126 770 decimo
1156 709 1258 790 quinto

156 829 185 888 iu
199 827 291 888 Italia
312 828 470 886 exaratum
494 841 563 884 esse
583 819 739 881 evincatur
763 817 795 874 et
816 812 1029 892 interpolatum
1040 811 1169 892 receptis
1191 811 1258 872 doc-

154 935 253 992 torum
273 927 424 990 hominum
446 923 640 994 coniecturis,
661 937 787 998 quarum
808 915 872 976 aliis
886 913 1000 976 Valerii
1024 913 1130 976 manus
1151 914 1256 976 obscu-

155 1036 255 1107 ratur,
282 1031 349 1092 aliie
376 1029 500 1109 egregie
522 1024 696 1088 restituitur.
736 1018 825 1082 adid
847 1017 989 1078 iudicium
1011 1017 1118 1098 quibus
1137 1016 1258 1084 rationi-

155 1140 212 1200 bus
234 1135 383 1197 deductus
410 1133 467 1192 eim
493 1130 578 1192 lubet
598 1124 767 1190 accuratius
797 1141 966 1202 exponere3
992 1140 1062 1182 uam
1090 1121 1172 1202 quod
1189 1101 1258 1184 ¹aliis

155 1239 300 1304 accidisse
322 1236 427 1310 video,
453 1233 533 1296 idem
553 1231 624 1292 mihi
647 1227 770 1301 accidit,
791 1225 826 1286 ut
847 1223 961 1284 lacunis
984 1219 1095 1304 optime
1118 1222 1258 1304 expletis,

156 1345 293 1407 versibus
318 1359 394 1420 quos
417 1338 448 1398 in
469 1334 616 1399 Vaticano
640 1332 821 1412 depravatos
847 1327 992 1388 habemus
1013 1327 1138 1406 egregie
1159 1345 1258 1390 emea-

156 1449 234 1518 datis
255 1444 367 1528 imponi
387 1441 460 1504 mihi
480 1441 610 1520 paterer,
633 1436 713 1498 hunc
731 1431 862 1494 codicem
882 1429 1001 1490 relicuis
1024 1428 1075 1509 qui
1096 1430 1261 1512 supersunt

155 1557 246 1632 longe
268 1547 462 1626 integriorem
481 1538 624 1617 fuisse*).

258 1651 361 1729 Atque
387 1650 426 1710 de
452 1646 554 1708 verbis
580 1641 779 1716 versibusque
809 1634 974 1716 suspectis,
1002 1635 1109 1714 quibus
1135 1634 1261 1698 lacunae

157 1755 299 1820 Vaticani
319 1757 350 1816 et
364 1750 571 1832 Sangallensis
593 1747 623 1806 in
640 1740 791 1808 Contionis
814 1739 889 1800 libro
912 1737 1051 1816 expletae
1068 1740 1147 1811 sunt,
1169 1755 1262 1818 supra

156 1863 269 1924 dictum
296 1869 352 1919 est.
383 1854 490 1916 deinde
518 1850 599 1914 haud
625 1846 729 1928 paucis
758 1843 846 1920 locis,
875 1841 927 1902 ubi
955 1839 1094 1902 Vaticani
1117 1841 1261 1904 memoria

156 1969 262 2046 aperte
281 1962 423 2042 corrupta
444 1960 504 2031 est,
534 1973 611 2034 quae
634 1950 737 2014 Carrio
765 1967 781 2008 ε
809 1945 884 2006 libro
914 1963 969 2004 suo
989 1943 1126 2024 protulit,
1158 1963 1260 2024 quam-

156 2088 246 2149 quam
268 2061 475 2144 aliquomodo
497 2054 640 2137 explicari
659 2051 787 2134 possunt
808 2049 839 2108 et
860 2047 899 2108 ad
914 2065 1055 2108 numeros
1068 2047 1262 2127 respondent,

156 2176 221 2234 arte
240 2163 472 2230 tamen'Vaierii
487 2161 611 2239 indigna
629 2158 700 2218 sunt
717 2157 748 2215 et
766 2153 809 2214 ita
828 2153 1014 2230 comparata,
1038 2152 1073 2210 ut
1092 2150 1260 2236 abuhomiue

156 2276 256 2354 aliquo
279 2272 383 2347 docto,
411 2267 463 2347 qui
485 2263 631 2324 Vaticano
651 2259 753 2320 codice
772 2254 930 2330 utebatur,
956 2253 1117 2314 divinando
1138 2251 1261 2314 inventa

156 2397 225 2440 esse
245 2375 414 2436 videantur.
454 2367 550 2429 veluti
569 2365 585 2424 1
608 2367 687 2440 342,
708 2360 760 2420 ubi
777 2363 811 2420 ud
829 2359 920 2440 deque
941 2357 1107 2419 Vaticanus
1129 2355 1260 2431 exhibet,

155 2481 315 2562 Baptistae
335 2476 381 2538 Pii
403 2473 574 2535 coniectura
595 2487 670 2548 quae
690 2467 739 2525 est
759 2463 841 2526 uideo
858 2461 972 2522 Valerii
992 2479 1098 2522 manus
1122 2459 1186 2519 sine
1206 2458 1260 2520 du·

54 2653 56 2658 ,
155 2585 204 2645 bio
225 2581 369 2644 restituta
390 2581 445 2639 est.
475 2563 765 2636 nimirumVIDEO
787 2565 915 2646 primum
937 2565 1058 2626 transiit
1078 2563 1109 2624 in
1122 2561 1260 2633 'VIDEQ

156 2695 221 2748 tum
242 2686 275 2745 in
288 2679 440 2750 VTDEQ.
475 2679 506 2738 in
527 2675 628 2737 codice
645 2668 796 2732 Oarriouis
818 2669 849 2728 et
870 2667 901 2728 iu
914 2667 990 2730 libro
1002 2666 1167 2728 Burmanni
1179 2666 1260 2743 lege·

133 2793 246 2852 ‘batur
267 2789 302 2848 ut
323 2785 404 2858 deni·
426 2781 505 2862 quod
527 2778 578 2858 qui
599 2772 728 2845 invenit,
748 2771 775 2830 is
798 2771 869 2848 quin
891 2771 1038 2832 Vaticano
1060 2769 1111 2830 vel
1134 2767 1260 2846 Sangal-

155 2893 250 2956 lcneis
273 2887 470 2970 apographis,
499 2901 575 2962 quae
602 2881 636 2940 ui
657 2877 692 2938 de
713 2873 869 2948 exhibent,
893 2891 969 2934 usus
990 2875 1030 2934 sit
1048 2872 1152 2951 nequit
1176 2870 1260 2932 dubi-

156 2998 222 3060 tari
259 2993 410 3056 sententia
439 2989 540 3048 auum
568 3000 661 3064 quam
692 2979 805 3038 habent
832 2976 926 3036 verba
951 2977 1007 3036 hoo
1031 2975 1119 3036 modo
1145 2977 1262 3037 mutata

156 3102 262 3181 inepta
278 3097 406 3158 ridetur.
438 3090 469 3151 in
489 3105 618 3167 aequore
640 3082 719 3144 enim
737 3083 773 3140 ut
795 3081 840 3139 tot
860 3095 952 3166 reges
971 3078 1027 3139 sibi
1042 3079 1150 3140 darent
1164 3077 1260 3138 Aeso-

156 3225 227 3267 nem
250 3202 323 3262 deos
342 3197 497 3278 precatum
524 3210 592 3252 esse
621 3207 683 3250 nou
712 3189 760 3246 est
783 3180 931 3245 credibile.
954 3216 998 3226 -
1018 3181 1035 3242 Ι
1057 3186 1119 3246 356
1142 3181 1263 3246 Cresius

263 3394 291 3458 ⁴⁸)
311 3391 471 3442 conferentur
490 3401 552 3452 quae
571 3399 649 3448 supra
666 3381 719 3432 dixi
738 3380 768 3430 de
786 3377 799 3426 I
818 3382 876 3440 132,
893 3375 930 3426 IV
952 3381 999 3427 195
1018 3393 1061 3442 sq,
1079 3377 1117 3428 VI
1134 3382 1192 3440 666,
1210 3374 1262 3427 VII

159 3490 209 3536 632
228 3500 265 3548 sq.
296 3479 393 3530 duobus
413 3475 476 3526 locis
495 3473 574 3522 mirus
594 3474 632 3520 est
648 3469 715 3518 iuter
733 3461 863 3516 cardonis
881 3461 973 3512 librum
996 3467 1021 3512 et
1040 3463 1150 3514 codicem
1165 3461 1262 3512 Parisi-

158 3587 219 3622 num
242 3572 308 3619 7647
334 3576 479 3614 consensus:
504 3558 585 3608 1331
605 3555 650 3605 ubi
668 3561 818 3616 pontumque
836 3553 967 3612 pedumque
990 3553 1094 3615 uterque
1118 3549 1219 3599 exhibet
1238 3551 1263 3598 et

158 3653 211 3708 VII
232 3657 297 3715 513,
315 3649 360 3700 ubi
378 3650 468 3697 totiens
485 3647 553 3694 ducis
570 3642 647 3692 habet
663 3637 814 3699 Vaticanus,
837 3637 927 3685 totiens
944 3638 1025 3684 dulces
1043 3633 1171 3684 Carmanis
1189 3634 1263 3699 liber,

160 3744 242 3790 dudm
259 3740 350 3788 totiena
366 3733 505 3784 Parisinus.
535 3729 579 3779 sed
602 3726 647 3776 illo
670 3724 727 3772 loce
744 3720 871 3784 scriptura
888 3720 1017 3772 Garrionis
1039 3738 1070 3772 ex
1086 3721 1100 3770 1
1118 3726 1166 3771 586
1189 3733 1264 3784 quam

161 3826 235 3878 facilc
259 3822 343 3888 repeti
365 3818 478 3885 potuerit
505 3829 582 3881 supra
606 3813 656 3862 iam
681 3809 749 3873 dixi,
772 3807 891 3860 vnum
919 3811 1002 3856 autem
1025 3810 1097 3857 toties
1122 3808 1213 3856 delude
1236 3805 1263 3853 in

161 3912 254 3963 Aldina
278 3923 377 3974 quoque
400 3905 503 3970 legitur.
521 3929 556 3940 —-
576 3903 707 3966 praeterea
724 3895 766 3944 his
789 3893 853 3943 locis
875 3893 904 3943 in
927 3892 1056 3942 Carrionis
1079 3889 1147 3939 libro
1165 3885 1263 3938 Valerii

161 4012 263 4048 manem
281 3994 423 4044 restitutam
440 4004 493 4039 esse
509 3987 607 4037 iudico:
625 3983 638 4032 Ι
657 3987 689 4032 49
707 3995 789 4041 meque
807 3981 916 4029 adsiduis
933 3981 1019 4037 iacere,
1038 3975 1064 4024 Π
1079 3975 1261 4030 asserturum,

162 4085 199 4134 IV
218 4087 267 4132 308
286 4081 395 4139 ceditque
410 4076 489 4133 madii,
510 4073 533 4122 V
552 4075 600 4122 370
622 4069 688 4118 hebet
706 4064 782 4129 (idem
801 4063 907 4115 coniecit
926 4059 1084 4122 Sabellicus),
1101 4057 1124 4107 V
1143 4061 1192 4105 379
1211 4069 1262 4113 eru,

163 4167 201 4220 VI
219 4172 268 4218 279
289 4176 421 4228 maenaque
438 4162 543 4218 dotem,
561 4155 615 4208 VII
632 4157 680 4204 567
701 4153 863 4214 prosequitur
887 4152 1008 4212 stabatque
1031 4149 1112 4196 ducem
1129 4139 1206 4205 (idem
1224 4145 1263 4190 est

163 4254 191 4304 in
206 4251 293 4303 codice
309 4245 475 4311 Burmanni),
498 4242 549 4294 VH
573 4245 622 4290 376
641 4251 765 4297 uocemque
787 4238 871 4288 Venus
886 4237 1027 4294 hundium
1042 4235 1185 4290 pudorem,
1210 4223 1263 4278 VII

165 4343 214 4390 447
233 4353 264 4387 m
280 4336 322 4386 ubi
339 4334 403 4384 June
423 4331 447 4398 (o
462 4331 504 4380 udi
524 4330 590 4379 June
609 4323 669 4374 itali
685 4322 827 4386 dederunt).
