3086 4968
249 442 308 486 vm
689 407 916 480 monaoonancn

250 609 355 692 plures
378 607 545 670 extiterunt
565 606 617 688 qui
635 606 794 668 laudarent
804 602 1010 684 Argonautica
1027 623 1117 686 quam
1140 605 1191 688 qui
1203 605 1355 688 vitupera·

249 714 328 788 rant,
349 712 476 774 multum
496 712 598 772 tamen
616 709 711 786 abest,
731 712 766 770 ut
785 709 866 770 idem
888 726 991 770 omnes
1011 710 1049 769 de
1067 709 1126 771 illis
1148 709 1354 773 iudicaverint.

250 815 363 876 etenim
384 833 453 874 cum
476 813 630 882 aNicolao
645 812 771 874 Heinsio
791 807 917 873 summis
938 811 1077 872 laudibus
1091 810 1233 873 Valerius
1252 832 1354 875 cumu-

248 916 330 978 latus
352 912 442 993 sit*)‚
463 917 500 976 ab
523 935 560 976 eo
581 916 632 996 qui
653 917 685 978 in
706 915 917 977 additamentis
939 914 978 976 ad
993 914 1110 976 Sulaeri
1124 915 1234 976 librum
1248 915 1353 994 (allge-

248 1019 347 1082 meine
372 1019 499 1080 Theorie
521 1019 575 1079 der
597 1021 727 1081 seh‘cnen
746 1019 878 1098 Kiinste)
902 1021 973 1080 tom.
996 1023 1015 1080 8
1038 1040 1067 1100 p.
1084 1024 1100 1078 1
1119 1036 1188 1100 pag.
1207 1023 1269 1080 296
1290 1039 1352 1100 sqq.

240 1123 288 1184 de
305 1120 397 1202 epicis
419 1120 623 1182 Romanorum
645 1122 743 1202 poetis
770 1123 840 1202 post
859 1119 1034 1199 Augustum
1053 1121 1228 1184 florentibus
1253 1123 1353 1206 dispu-

247 1225 334 1301 tavit,
356 1224 399 1285 ita
418 1223 569 1285 laceratus
593 1230 648 1302 est,
671 1228 707 1285 ut
728 1225 780 1304 qui
800 1224 933 1302 legerint
953 1222 1159 1302 Argonautica
1180 1228 1300 1306 tempus
1321 1229 1354 1288 et

246 1346 370 1409 operam
402 1327 572 1407 perdidisse
600 1327 768 1389 videantur.
807 1346 865 1407 ego
895 1345 963 1388 eum
991 1325 1069 1390 AC.
1090 1326 1242 1408 Scaligerc
1267 1329 1352 1406 facio,

246 1431 297 1511 qui
318 1430 350 1490 in
370 1428 569 1510 hypercritico
591 1432 713 1511 poetam
734 1431 939 1492 duriusculum
962 1430 1082 1510 quidem
1102 1434 1134 1493 et
1153 1434 1275 1513 penitus
1296 1453 1351 1494 nu-

244 1529 508 1594 dum'Gratiarum
527 1532 665 1594 comitate
689 1533 766 1594 dixit
786 1568 828 1578 -
844 1534 924 1613 quod
943 1533 1085 1594 indicium
1100 1536 1138 1595 ad
1153 1534 1352 1597 elocutionem

243 1637 374 1699 maxime
396 1636 592 1717 pertinet-
614 1635 688 1696 felix
709 1642 810 1696 tamen
833 1636 898 1698 eius
920 1637 1090 1716 ingenium,
1112 1657 1256 1717 magnum
1275 1638 1350 1700 iudi-

245 1740 332 1818 cium,
355 1738 543 1819 diligentiam
557 1739 638 1799 haud
652 1740 812 1818 vulgarem
825 1739 972 1820 agnoscit.
1008 1740 1127 1820 poetica
1143 1741 1222 1803 enim
1235 1741 1351 1805 Valerii

244 1842 342 1904 virtrm
364 1843 396 1904 in
418 1862 454 1905 eo
475 1841 664 1923 potissimum
685 1842 830 1921 cernitur,
853 1844 933 1924 quod
952 1863 993 1904 ex
1017 1844 1054 1904 iis
1075 1862 1151 1924 quae
1172 1843 1350 1924 Apollonius

243 1944 380 2008 Rhodius
403 1948 436 2007 et
451 1944 601 2006 Diodorus
622 1943 740 2006 Siculus
762 1945 800 2006 de
822 1945 1014 2026 expeditione
1031 1945 1277 2025 Argonautarum
1299 1946 1350 2008 do-

243 2051 368 2110 onerant
379 2047 432 2127 “)
454 2048 593 2109 carminis
622 2047 669 2108 sui
696 2049 852 2110 materiam
873 2048 934 2110 acri
957 2050 1033 2110 recti
1055 2049 1235 2130 venustique
1258 2069 1350 2111 sensu

242 2151 344 2231 elegit,
368 2153 494 2214 electam
512 2150 590 2212 felici
608 2150 780 2212 inveniendi
795 2153 880 2232 copia
899 2152 1066 2228 exornavit,
1085 2155 1261 2214 exornatam
1278 2155 1349 2233 apte

346 2374 373 2442 *)
390 2376 439 2426 hoc
458 2379 497 2426 est
513 2375 617 2426 Heinsii
633 2375 765 2426 iudicium:
787 2371 865 2426 ‘inter
881 2375 1018 2441 scriptores
1037 2374 1178 2438 Romanos,
1198 2375 1240 2440 qui
1259 2375 1349 2440 poesin

243 2460 341 2525 epicam
366 2460 583 2512 lucubrationibus
607 2461 660 2512 suis
678 2461 827 2524 insignitam
843 2461 895 2512 iam
915 2460 976 2511 olim
993 2451 1177 2526 recuderunt,'
1193 2461 1262 2512 haud
1280 2460 1348 2525 qnis-

243 2559 317 2608 quam
333 2543 407 2594 nobis
425 2544 546 2607 occurrit,
566 2561 640 2610 quem
657 2545 684 2596 G.
694 2546 798 2597 Valerio
815 2547 907 2596 Flacco
928 2547 983 2596 iure
1001 2546 1187 2612 praeferamus,
1212 2549 1272 2612 post
1289 2561 1348 2596 vere

242 2628 358 2678 divinum
382 2633 407 2681 et
431 2629 553 2680 maiorem
575 2631 763 2696 comparatione
790 2631 858 2680 omni
880 2631 1012 2681 Maronem
1033 2630 1181 2694 Virgilium.
1212 2634 1264 2680 tam
1287 2645 1347 2680 con·

241 2713 315 2764 cinna
332 2715 460 2764 omniane
481 2716 605 2780 castigata
622 2717 730 2780 enitent;
749 2722 847 2768 tantum
863 2718 940 2781 artis,
959 2699 1071 2782 ingenii,
1090 2716 1234 2781 doctrinae,
1249 2719 1347 2766 tantum

241 2799 364 2849 orationis
390 2800 454 2850 citra
476 2805 600 2852 tumorem
625 2803 761 2852 elementer
786 2803 932 2868 exurgentis
957 2803 1127 2868 candidasque
1150 2817 1179 2853 ao
1197 2803 1346 2866 argumento

240 2898 286 2934 suo
305 2885 376 2950 paris
395 2886 449 2936 illio
466 2888 566 2940 renidet
582 2889 685 2955 passim,
702 2893 732 2938 ut
749 2888 806 2956 ipso
824 2890 943 2940 carminis
960 2903 1077 2940 successu
1093 2904 1190 2940 summa
1201 2891 1347 2938 consecutus

240 2969 370 3032 rideatur,
389 2976 415 3022 et
432 2973 538 3038 reliquis
557 2974 673 3025 omnibus
691 2975 863 3040 praeripuisse
881 2975 991 3039 palmam
1009 2974 1083 3026 facile
1102 2976 1136 3024 sit
1153 2968 1330 3026 arbitrandus?

345 3054 389 3120 **)
408 3057 441 3107 ad
459 3058 592 3123 Apollonii
609 3061 724 3110 maxime·
743 3062 884 3126 exemplum
904 3060 1036 3112 Valerium
1053 3076 1080 3110 se
1104 3060 1255 3126 adplicuisse
1274 3059 1346 3109 Wei-

240 3139 343 3190 chertus
370 3142 502 3208 probavit,
529 3145 572 3209 qni
595 3145 623 3194 in
648 3145 702 3196 eius
722 3145 783 3196 libri
809 3163 881 3211 quem
904 3147 934 3196 de
957 3146 1090 3212 Apollonii
1112 3145 1166 3196 rita
1188 3148 1213 3194 et
1237 3144 1347 3193 carmine

240 3225 354 3277 Miserae
379 3227 458 3279 edidit
476 3245 498 3280 a.
513 3234 578 3280 1821
596 3230 679 3295 capite
698 3231 1014 3296 quadragesimosecundo
1032 3231 1130 3284 Valerii
1149 3245 1250 3280 carmen
1266 3230 1347 3293 Apol-

240 3311 343 3362 loniano
367 3313 531 3380 compararit.
558 3314 666 3366 Diodori
691 3315 758 3367 libro
780 3322 870 3384 quarto
890 3316 1022 3369 Valerium
1042 3332 1118 3366 usum
1142 3330 1196 3366 esse
1218 3313 1348 3381 probabili

241 3397 338 3447 ratione
356 3399 421 3449 mihi
437 3400 525 3450 videor
545 3401 686 3465 collegisse.
715 3403 826 3467 primum
844 3403 911 3452 enim
927 3403 995 3453 inter
1012 3401 1199 3467 expeditionem
1212 3402 1346 3465 Argonau-

241 3485 325 3532 tarum
342 3484 373 3533 ab
390 3485 501 3536 Hercule
518 3486 658 3538 Hesionam
677 3488 811 3539 liberatam
834 3503 889 3538 esse
912 3488 956 3540 ille
973 3487 1041 3538 solus
1060 3492 1179 3554 quantum
1197 3487 1250 3538 scio
1266 3485 1347 3536 tradi-

242 3566 286 3618 dit.
315 3567 405 3619 deinde
428 3570 458 3620 de
476 3571 583 3630 Aesonis
606 3578 631 3623 et
647 3565 788 3624 Alcimedes
806 3577 887 3624 morte
910 3575 1022 3624 namatio
1042 3574 1067 3640 (I
1086 3579 1135 3625 700
1149 3574 1213 3639 sqq.)
1232 3572 1281 3623 etsi
1296 3587 1348 3621 non

165 3657 168 3662 ⁴
242 3668 348 3718 prorsus
366 3656 485 3705 convenit
500 3657 533 3706 iis
552 3674 614 3723 quaa
633 3659 700 3725 apud
717 3661 858 3711 Diodorum
876 3661 913 3712 Ν
933 3665 966 3711 50
983 3660 1103 3724 leguntur
1120 3659 1217 3725 (eadem
1234 3657 1347 3709 narrarit

242 3737 412 3802 Apollodorus
430 3739 444 3789 I
464 3745 488 3803 9,
501 3741 554 3806 27),
572 3743 613 3792 his
631 3747 716 3794 tamen
732 3745 760 3794 in
779 3747 837 3795 suis·
847 3745 972 3808 fingendis
988 3744 1106 3795 Valerius
1125 3744 1164 3794 uti
1181 3744 1273 3810 potuit.
1302 3758 1346 3793 ne·

243 3837 290 3888 que
311 3821 442 3888 quisquam
458 3825 566 3876 Diodori
583 3827 620 3878 IV
639 3834 673 3879 40
690 3843 742 3878 non
762 3834 883 3893 agnoscet
907 3829 1066 3880 obversatum
1087 3846 1141 3880 esse
1160 3829 1263 3882 Valerio
1286 3829 1357 3897 libri¹

242 3907 321 3973 primi
340 3923 379 3960 vv.
394 3914 507 3962 22—90
525 3913 663 3972 scribenti„
683 3915 790 3980 denique
812 3915 871 3966 inde
896 3931 911 3966 a
928 3916 952 3968 V
973 3921 1022 3967 217
1040 3932 1119 3982 usque
1143 3916 1175 3966 ad
1199 3916 1273 3966 finem
1291 3930 1346 3966 ear·

242 3994 317 4045 minis
341 3993 417 4060 longe
438 3996 538 4060 quidem
559 3999 669 4064 plurima
688 4000 805 4052 Valerius
829 4001 884 4066 ipse
911 4000 1037 4051 invenisse
1059 4000 1185 4068 putandus
1208 4003 1259 4063 est,
1289 4003 1348 4050 sunt

242 4084 326 4130 temen
344 4096 406 4146 quae
430 4081 572 4132 aDiodoro
593 4089 720 4136 mutuatus
745 4101 798 4136 esse
814 4086 928 4136 videatur
945 4088 1024 4138 veluti
1044 4087 1131 4138 Circae
1149 4090 1175 4136 et
1189 4085 1282 4134 Persae
1299 4100 1346 4134 no-

242 4165 311 4214 mina
328 4170 401 4217 certe.
429 4167 513 4234 Tiphy
530 4175 630 4220 mortuo
647 4171 782 4237 Erginum,
799 4188 851 4222 non
868 4173 995 4223 Ancaeum
1008 4175 1078 4236 Argo
1097 4187 1185 4222 navem
1203 4169 1346 4235 gubernan-

242 4249 298 4299 dam
316 4253 455 4318 suscepisse
475 4254 506 4303 ab
526 4255 660 4307 Herodoro
678 4257 786 4308 sortasse
805 4257 922 4309 Valerius
939 4259 1045 4324 aceepit.
1064 4257 1096 4312 cl.
1114 4256 1192 4311 schol.
1211 4255 1243 4306 ad
1260 4253 1346 4320 Apoll.

241 4337 268 4384 a
285 4341 343 4388 ses.
1106 4333 1122 4356 ‘
