3086 4968
252 448 273 488 X
695 449 922 490 PROLEGOMENON

254 613 392 674 addendo
420 613 451 672 et
475 611 641 673 animorum
662 613 792 674 maxime
814 617 1024 678 commotiones
1045 617 1208 697 diligenter
1229 620 1357 698 apteque

254 714 450 776 describendo
470 733 653 796 magnopere
683 717 847 778 exornavit.
879 720 1014 780 conferas
1042 721 1134 780 velim
1157 719 1271 782 Valerii
1290 739 1357 780 ver-

256 837 309 878 sus
330 817 380 898 qui
399 819 470 876 sunt
489 818 557 878 libri
577 818 665 898 primi
684 823 833 899 22-90,
855 823 962 902 quibus
975 822 1076 884 Peliae
1096 821 1278 901 malignitas,
1298 823 1357 883 vir-

253 924 305 981 tus
334 923 366 980 et
393 921 491 1000 pietas
512 918 630 982 Iasonis
656 942 802 1002 expresse
822 927 883 1000 est,
906 944 974 985 cum
993 925 1145 1005 Apollonii
1167 927 1207 988 A
1230 929 1358 1001 5-1'7,

255 1023 307 1102 qui
329 1023 367 1083 dc
388 1025 459 1083 noto
481 1023 532 1083 illo
553 1024 672 1086 oraculo
690 1025 790 1086 Peliae
809 1045 827 1087 a
843 1027 899 1086 diis
915 1028 985 1089 dato
1001 1030 1154 1090 monuisse
1170 1028 1244 1090 satis
1258 1029 1357 1090 habet.

184 1149 188 1164 ¹
255 1146 344 1207 porro
371 1145 460 1206 quam
487 1125 611 1206 pulchre
637 1127 689 1188 illa
708 1129 840 1207 cogitata
858 1132 944 1205 sunt,
973 1130 1078 1210 quibus
1101 1131 1193 1193 Iason
1211 1131 1358 1194 Acastum

255 1232 357 1291 movet
382 1229 420 1288 ad
447 1229 667 1308 expeditionem
695 1252 762 1292 cnm
789 1233 897 1293 ceteris
920 1233 1061 1294 heroibus
1083 1235 1304 1314 suscipiendam
1326 1236 1358 1295 'et

254 1333 303 1393 hio
325 1351 358 1392 se
381 1335 556 1392 secuturum
579 1352 648 1392 esse
671 1335 825 1413 promittit.
857 1336 889 1395 in
910 1336 986 1396 libro
1009 1337 1140 1398 secundo
1160 1331 1357 1397 Lemniadum

255 1436 370 1496 scelere
395 1439 426 1496 et
445 1434 636 1516 Hypsipyles
658 1437 697 1496 ed
716 1442 834 1518 patrem
855 1439 1035 1499 servandum
1054 1439 1161 1500 callide
1182 1441 1358 1521 fortiterque

253 1537 333 1598 iacta
354 1556 372 1597 a
393 1537 515 1600 Valerio
538 1540 704 1600 accuratius
730 1541 821 1620 longe
844 1544 876 1603 et
898 1541 996 1621 aptius
1018 1544 1140 1603 narrata
1162 1545 1247 1618 sunt,
1267 1563 1358 1622 quam

255 1642 293 1702 ab
313 1641 519 1702 Alexandrino
539 1646 637 1723 poeta.
675 1663 773 1726 neque
794 1645 825 1706 11
848 1646 1050 1706 describendis
1069 1645 1228 1706 Dohonum
1250 1648 1282 1706 et
1302 1647 1357 1708 Mi·

232 1757 383 1824 'nyarum
400 1745 537 1824 proeliis,
562 1746 679 1808 Iasonis
698 1751 730 1809 et
748 1747 854 1828 Clytes
876 1751 914 1809 de
939 1747 1047 1829 Cynico
1069 1749 1225 1810 interfecto
1246 1751 1357 1810 lemen-

255 1843 431 1924 tationibu's,
457 1847 703 1928 Argonautarum
730 1853 854 1930 propter
877 1851 998 1932 Tiphyn
1018 1859 1169 1912 mortuum
1190 1853 1358 1932 planctibus

254 1949 378 2012 Valerio
410 1951 540 2032 palmam
571 1952 704 2012 tribuere
733 1955 891 2034 quisquam
919 1954 1073 2016 dubitabit.
1116 1957 1234 2017 omnino
1263 1957 1295 2016 11
1320 1956 1358 2016 iis

254 2055 400 2134 partibuS,
422 2053 528 2136 quibus
549 2054 771 2116 miserationem
791 2076 913 2120 movere
937 2060 1085 2136 studebat,
1108 2059 1249 2123 Valerius
1270 2079 1356 2137 egre-

254 2157 323 2236 gius
354 2161 408 2218 est.
451 2177 552 2238 quam.
571 2161 608 2220 ob
640 2177 762 2220 oausam
793 2159 907 2220 animos
937 2181 997 2222 non
1032 2163 1101 2223 nolo
1133 2163 1291 2223 advertere
1319 2163 1357 2222 ad

255 2260 273 2320 I
295 2265 497 2338 315-350,
523 2263 575 2324 ubi
595 2261 714 2322 lasonis
737 2263 774 2323 ab
795 2262 917 2324 Aesone
937 2268 968 2326 et
988 2266 1157 2341 Alcimede,
1185 2268 1216 2326 et
1237 2265 1271 2325 Π
1293 2269 1356 2328 393

256 2368 380 2440 -427,
401 2367 451 2427 ubi
472 2367 607 2428 eiusdem
625 2368 663 2427 ab
679 2365 852 2447 Hypsipyle
875 2367 1031 2446 digressus
1046 2369 1232 2450 depingitur;
1255 2387 1356 2449 quam·

254 2486 344 2549 quam
365 2471 412 2529 hio
434 2471 471 2530 ab
492 2469 651 2549 Apollonio
675 2489 791 2550 quoqne
812 2472 966 2550 praeclare
988 2472 1156 2552 descriptus
1179 2473 1233 2532 est.
1268 2471 1358 2530 111111

253 2571 544 2632 vehementissimam
565 2573 647 2633 illam
668 2573 892 2633 altercationem
908 2573 969 2651 (ΙΙΙ
984 2579 1092 2636 633-
1106 2577 1179 2652 714)
1193 2593 1269 2654 quae
1279 2574 1358 2634 inter

254 2671 445 2734 Telamonem
468 2683 499 2736 et
518 2675 708 2754 Meleagrum
728 2677 834 2735 exorta
857 2679 913 2750 est,
935 2680 1035 2736 utrum
1056 2678 1260 2757 expectandus
1275 2680 1358 2737 esset

253 2775 393 2838 Herculis
415 2778 529 2838 reditus
556 2796 595 2837 en
617 2777 681 2838 sine
706 2777 756 2839 illo
779 2778 837 2838 iter
858 2779 1104 2856 continuandum,
1128 2801 1189 2841 uon
1210 2780 1298 2840 aliam
1320 2781 1358 2840 ob

254 2899 375 2941 causam
393 2881 534 2943 Valerius
556 2883 742 2942 commentus
761 2901 829 2941 esse
848 2882 977 2957 videtur,
1000 2902 1088 2962 quem
1110 2885 1188 2963 quod
1210 2883 1357 2944 1111111-

253 2983 368 3043 sionem
393 2983 621 3044 nanciscebatur
649 3003 774 3062 magnos
803 2984 925 3045 fortium
945 2984 1079 3046 virorum
1100 2985 1224 3047 allectus
1247 2986 1357 3046 descri-

252 3087 349 3148 bendi.
381 3087 455 3148 elios
472 3087 742 3166 Argonauticorum
762 3088 854 3163 locos,
877 3089 926 3168 qui
949 3088 981 3148 in
1001 3090 1058 3150 hoc
1079 3109 1192 3169 genere
1212 3089 1358 3170 praeclari

253 3194 334 3267 sunt,
353 3210 391 3250 ne
411 3192 520 3268 longus
540 3191 611 3250 fiam
633 3191 730 3252 sciens
752 3192 967 3271 praetermitto.

353 3293 509 3355 Postremo
532 3293 686 3355 Valerium
707 3295 891 3355 laudandum
915 3315 983 3356 esse
1006 3296 1078 3371 dixi,
1100 3296 1180 3376 quod
1201 3296 1357 3357 materiam

254 3400 285 3456 11
305 3397 431 3458 electam
450 3402 519 3478 apte
542 3400 573 3458 11
595 3402 771 3458 exornatam
789 3398 831 3458 ita
846 3397 1053 3478 disposuisset,
1075 3403 1109 3460 ut
1123 3399 1260 3478 singulae
1274 3399 1357 3460 fabu-

252 3500 300 3559 lae
331 3500 361 3560 11
394 3520 503 3581 corpus
532 3501 616 3580 quasi
641 3500 851 3578 redigerentur
874 3503 1010 3582 partibus
1041 3503 1104 3562 suis
1131 3504 1298 3583 perfectum
1327 3507 1359 3564 et

253 3603 414 3682 expletum.
448 3621 483 3663 ac
506 3605 615 3683 duplici
635 3604 755 3684 quidem
775 3603 891 3666 ratione
911 3609 1031 3685 poetam
1048 3605 1079 3666 id
1101 3609 1272 3667 assecutum
1289 3626 1359 3666 esse

252 3701 404 3768 videmus:
434 3706 561 3786 primum
585 3727 620 3767 eo
643 3707 722 3786 quod
743 3705 859 3782 Iasoni,
888 3707 938 3787 qui
958 3709 1038 3788 apud
1058 3708 1250 3789 Apollonium
1277 3709 1357 3768 infir-

255 3829 321 3870 mus
343 3812 439 3870 estet
459 3812 636 3884 enervatus,
658 3828 790 3868 summas
813 3810 949 3871 attribuit
970 3811 1108 3888 virtutes,
1129 3817 1165 3874 ut
1185 3814 1251 3874 iuro
1271 3813 1358 3874 meri·

253 3917 344 3994 toque
364 3913 505 3994 primaria
532 3913 671 3974 carminis
697 3905 826 3992 persona
854 3914 1007 3976 habeatur.
1044 3916 1123 3996 quod
1152 3937 1220 3978 cum
1241 3916 1300 3976 iam
1321 3917 1359 3976 ab

254 4018 328 4094 aliis,
350 4017 429 4077 inter
450 4037 525 4096 quos
545 4017 754 4080 Weichertum
774 4018 909 4094 nomino,
930 4019 1123 4080 observatum
1143 4019 1191 4094 sit,
1211 4019 1279 4079 nolo
1301 4019 1359 4080 boc

257 4121 320 4181 loco
348 4121 379 4180 in
403 4121 529 4200 singulis
555 4120 709 4200 persequi,
740 4122 799 4180 duo
821 4120 1008 4199 significasse
1028 4124 1200 4184 contentus:
1230 4121 1359 4202 primum

254 4223 418 4303 prudenter
439 4223 542 4302 egisse
564 4222 735 4298 Valerium,
764 4243 832 4306 cum
853 4223 994 4286 Iasonem
1025 4225 1131 4286 ducem
1153 4223 1246 4284 fuisse
1268 4241 1359 4303 expe-

253 4325 384 4400 ditionis,
403 4331 554 4406 tamquam
573 4326 604 4386 id
625 4345 681 4406 per
700 4345 734 4385 se
755 4329 838 4387 esset
850 4330 1092 4403 consentaneum,
1113 4330 1248 4388 sumeret
1261 4345 1359 4407 neque
