3110 4972
641 460 647 467 ,
676 427 700 466 0.
715 423 823 468 leaffl
836 424 937 466 mciii

344 575 455 638 fluctus
476 577 515 639 ab
535 576 675 642 undisoni
695 597 752 642 ceu
773 577 852 640 sorte
871 577 1024 660 crepidine
1045 577 1112 642 saxi

346 697 414 742 cum
435 679 516 760 rapit
538 677 712 763 Halcyoues
733 682 863 745 miserae
883 682 1037 761 fetumque
1062 681 1227 764 laremque,
1323 686 1366 746 45

346 778 371 841 it
393 800 484 863 super
506 801 600 863 aegra
621 804 732 866 parcns
754 786 947 866 queriturque
969 784 1154 846 tumentibus
1176 785 1266 846 undis

351 886 435 946 certa
456 886 556 966 sequi,
578 907 763 968 quocumque
785 889 899 965 ferant,
920 887 1069 967 audetque
1090 889 1251 969 pavetque,

348 985 408 1048 icta
429 987 541 1050 fatiscit
562 991 647 1071 aquis
670 991 764 1052 donec
786 991 892 1053 domus
913 993 1080 1071 haustaque
1102 991 1195 1052 fluctu
1217 993 1280 1067 est;

347 1088 399 1151 illa
419 1091 524 1152 dolens
546 1112 652 1155 vocem
672 1095 757 1156 dedit
778 1098 809 1156 et
834 1116 867 1157 se
887 1094 1012 1156 sustulit
1033 1093 1096 1156 alis.

348 1193 422 1255 baut
443 1195 531 1258 aliter
552 1199 648 1260 somni
667 1200 801 1260 moestus
822 1197 914 1260 labor.
959 1198 1045 1260 exilit
1065 1215 1169 1258 amens
1322 1200 1367 1260 50

350 1295 511 1379 effusisque
533 1319 628 1380 genas
649 1300 779 1363 lacrimis
800 1301 888 1380 rigat.
926 1291 1055 1364 ‘ibimus’
1077 1299 1182 1381 iuquit,

343 1391 439 1463 ‘solus
461 1404 493 1463 et
513 1403 569 1464 bos
591 1406 708 1465 montes
727 1404 906 1484 desertaque
926 1405 1024 1466 lustra
1045 1402 1171 1482 tenebis,

348 1522 417 1565 care
440 1525 532 1586 puer,
554 1525 610 1567 nec
630 1527 681 1567 res
702 1507 783 1567 ultra
804 1506 951 1567 mirabere
974 1498 1126 1568 nostras?³

348 1606 423 1668 haec
444 1609 525 1670 fatus
547 1610 716 1691 relegitque
737 1608 804 1669 vias
827 1612 858 1670 et
878 1607 1008 1669 uallibus
1032 1608 1097 1669 exit

347 1708 496 1790 incertus,
518 1713 590 1793 quid
611 1713 688 1775 Iuno
710 1712 802 1791 ferat,
825 1731 900 1792 quas
923 1713 1049 1792 apparet
1070 1710 1139 1772 iras.
1324 1713 1367 1774 55

348 1831 405 1874 neo
426 1813 525 1876 minus
545 1819 577 1878 et
600 1817 696 1879 socios
717 1815 813 1876 cernit
833 1813 938 1896 procul
960 1833 1090 1896 aequore
1113 1813 1185 1876 ferri

347 1916 526 1999 praecipites
548 1919 730 2000 tacitumque
752 1919 848 1999 pudet
866 1917 1002 1999 potuisse
1022 1916 1157 1998 relinqui„

413 2049 537 2136 Iamque
559 2051 618 2114 iter
639 2052 678 2112 ad
699 2052 832 2114 Teucros
854 2053 951 2132 adque
972 2049 1093 2134 hospita
1119 2049 1237 2114 moenia
1259 2049 1368 2112 Troiae

348 2151 477 2214 flexerat
497 2152 581 2217 Iliaci
602 2158 744 2237 repetens
766 2155 914 2238 promissa
935 2155 1070 2238 tyranni3

349 2271 417 2315 cum
438 2262 553 2321 maesto
574 2259 692 2322 Latona
714 2258 803 2320 simul
822 2257 978 2340 Dianaque
998 2258 1086 2320 vultu
1325 2259 1367 2318 60

351 2361 420 2420 anto
439 2358 545 2424 Iovem
567 2363 651 2426 stetit
672 2367 704 2423 et
725 2364 854 2443 supplex
875 2363 918 2426 sic
940 2363 1021 2424 fatur
1042 2360 1165 2443 Apollo:

346 2451 390 2521 ‘in
411 2482 498 2542 quem
519 2463 610 2526 alium
631 2464 772 2543 Alciden,
794 2466 826 2528 in
845 2483 921 2547 quae
942 2466 1002 2530 iam
1024 2469 1160 2546 tempora
1181 2461 1284 2524 differs

351 2561 554 2643 Caucaseum,
575 2587 632 2628 rex
651 2587 778 2646 magne,
799 2571 921 2631 senem?
939 2571 1093 2632 nullumne
1111 2566 1257 2628 malorum

349 2665 440 2728 finem
457 2668 533 2730 adeo
553 2689 727 2751 poenaeque
749 2673 852 2734 dabis?
873 2677 904 2734 te
926 2676 1033 2735 cuncta
1054 2673 1195 2754 precatur

348 2790 425 2850 gens
440 2771 592 2836 bominum
604 2772 701 2852 adque
716 2775 775 2858 ipsi
788 2777 848 2838 iam
866 2780 914 2855 te,
934 2780 1021 2858 pater
1036 2774 1161 2856 optimc,
1181 2775 1300 2836 montes
1325 2776 1365 2834 65

351 2874 491 2957 fossaque
514 2896 582 2940 cum
605 2877 689 2940 silvis
711 2880 798 2939 orant
817 2879 899 2958 iuge.
942 2882 990 2940 sat
1012 2879 1068 2940 tibi
1088 2879 1202 2940 furtum

351 2976 431 3056 ignis
453 2982 485 3042 et
506 2979 658 3044 aetheriae
680 2981 805 3042 defensa
824 2981 943 3044 silentia
961 2971 1100 3042 mensae?

350 3081 426 3142 dixit
446 3082 513 3160 ubi,
535 3103 552 3144 e
575 3085 705 3164 scopulis
725 3084 823 3144 media
844 3085 924 3146 inter
946 3083 1057 3165 pabula
1077 3081 1135 3143 diri

351 3186 481 3247 vulturis
501 3187 566 3270 ipse
589 3188 679 3249 otiam
698 3188 813 3268 gemitu
831 3191 1007 3267 maestaque
1029 3186 1138 3265 fatigat
1199 3203 1203 3208 ·

369 3477 401 3523 45
422 3472 566 3541 Halcyones
583 3475 721 3524 Haedus:
748 3473 860 3540 alcyonis
882 3476 932 3534 Vc,
957 3471 1088 3537 halcyonis
1106 3471 1147 3531 Μ,
1167 3468 1273 3520 ulcionis
1289 3472 1314 3521 P

265 3552 372 3606 miseere
394 3560 419 3609 V
483 3557 620 3626 letumque]
643 3558 774 3622 locumque
792 3561 816 3610 1²
893 3563 925 3608 le
946 3557 1004 3608 Stat
1021 3557 1156 3616 Francius,
1173 3556 1226 3606 Nat
1245 3557 1368 3606 Bursam·

265 3653 313 3688 παι
353 3642 531 3709 quaeritrrque
541 3647 571 3706 V,
583 3645 729 3710 petiturque
747 3647 785 3692 cel
802 3643 1089 3710 quatiturqucHeimr‘ua
1156 3641 1371 3692 tommentime

229 3833 240 3850 ,
264 3781 297 3828 48
316 3775 392 3830 Victa
406 3782 527 3831 Heinsius
595 3789 627 3834 la
646 3741 745 3835 uocemV
847 3785 880 3832 50
899 3795 983 3830 amens
999 3781 1046 3830 M:
1064 3793 1136 3829 umen
1159 3777 1207 3830 1⁷12
1282 3780 1314 3828 52
1329 3779 1368 3826 tc·

265 3917 337 3967 nabis
354 3933 396 3971 m:
412 3920 523 3971 tenebris
543 3922 590 3972 ΓΡ
640 3926 673 3972 54
689 3921 773 3970 uiaret
794 3923 819 3971 V
874 3925 908 3971 58
922 3877 1006 3969 moenia
1027 3920 1053 3971 V
1124 3917 1157 3968 ed
1173 3914 1276 3966 tenedos
1293 3916 1369 3979 etque

265 4003 343 4053 ardue
358 4001 485 4059 menia'P
601 4009 633 4056 62
652 4005 680 4054 in
701 4021 773 4070 quem
790 4004 878 4071 elium]
899 4002 931 4066 qs.
951 4007 981 4055 l·
999 4007 1136 4058 Muellerus
1153 4007 1176 4054 d
1196 4019 1218 4053 r.
1239 4017 1270 4052 uu
1286 4018 1316 4063 p.
1334 4001 1365 4050 L.

261 4103 290 4149 p.
310 4093 360 4140 283
426 4107 545 4156 quaenam
567 4093 687 4142 naneae
790 4073 967 4157 tt'penasquc
986 4093 1012 4142 1>
1076 4090 1251 4154 precanturc'
1316 4087 1367 4138 iam

262 4171 300 4238 to]
318 4179 387 4228 tante
404 4180 428 4229 1>
493 4176 588 4242 optime
605 4179 665 4228 Mc:
683 4193 727 4226 orn.
749 4177 795 4227 VP
862 4181 894 4226 67
912 4174 992 4225 denae
1010 4178 1041 4237 Ρ,
1061 4175 1172 4240 depensa
1189 4176 1226 4224 cel
1244 4171 1370 4238 coprem

262 4261 382 4312 Heinsius
478 4268 510 4314 68
533 4262 595 4312 Exit
613 4261 657 4312 ubi
676 4264 709 4321 0,
732 4261 813 4311 Fixus
832 4261 876 4312 ubi
897 4264 935 4311 uel
952 4260 1059 4310 Excitm
1077 4262 1212 4318 Heiorum,
1234 4257 1306 4308 Rrec
1324 4254 1367 4308 ait.

261 4345 432 4395 Lachmannua
451 4350 485 4397 ad
499 4349 574 4398 lucr.
595 4347 608 4398 I
625 4353 675 4398 805
780 4351 812 4396 09
830 4347 916 4411 ipsum
932 4347 1054 4396 Hes'mc'ue
