3072 4974
701 457 724 498 (l.
739 456 847 498 Vfflllss
861 455 961 497 fflGOE

364 629 433 673 oum
452 608 592 689 fremitu,
611 608 758 690 densique
777 610 882 672 levant
902 608 1017 671 vexilla
1038 607 1158 689 Coralli,

362 713 536 776 barbarione
556 711 623 792 quis
645 712 734 792 signa
754 715 840 774 rotae
860 713 1030 792 ferrataque
1052 711 1142 775 dorso
1343 719 1389 778 90

363 817 460 880 forma
481 833 569 878 sunm
590 817 775 896 truncaeque
796 813 880 877 Iovis
902 814 1061 877 simulacra
1082 816 1252 892 oolnmnae;

362 921 477 1002 proelia
497 937 555 981 neo
576 937 667 980 rauoo
690 920 796 980 onrant
818 917 977 980 inoendere
999 904 1107 994 oomn,

361 1021 520 1102 indigenas
542 1021 598 1082 sed
617 1021 674 1083 rite
697 1021 789 1083 duees
809 1023 843 1082 et
862 1021 963 1104 prisea
984 1039 1108 1082 suorum
1188 1083 1193 1096 ,

361 1125 442 1187 ieota
462 1128 574 1188 oannnt
594 1127 791 1204 veterumque
812 1122 887 1184 viris
907 1123 1076 1185 hortamina
1095 1123 1209 1187 leudes.

361 1230 411 1290 ast
431 1227 484 1290 ubi
506 1226 661 1290 Sidonicas
681 1226 762 1290 inter
781 1226 876 1309 pedes
896 1229 1007 1308 aequat
1023 1227 1165 1308 habenae,
1341 1233 1386 1292 95

360 1331 442 1394 111100
462 1331 577 1393 iuratos
595 1329 628 1390 in
650 1348 684 1390 se
705 1328 798 1391 trabit
819 1328 887 1391 Aea
905 1329 1063 1408 Baternas,

362 1453 452 1515 quos,
473 1435 550 1495 duoe
569 1433 763 1513 Teutagono,
785 1431 869 1493 erudi
888 1453 973 1496 mora
993 1432 1111 1496 cortinis
1133 1436 1230 1496 armat

362 1554 518 1618 aequaque
539 1555 596 1598 neo
616 1536 695 1598 ferro
717 1535 837 1598 brevior
857 1555 913 1598 neo
932 1537 1051 1618 rumpia
1072 1535 1163 1616 ligno.

362 1657 419 1701 neo
438 1640 544 1721 procul
564 1641 700 1702 albentes
724 1639 845 1720 gemina
866 1640 936 1702 ierit
957 1639 1064 1721 aolyde
1086 1658 1216 1720 parmas,

362 1741 479 1803 hiberni
501 1743 553 1823 qui
569 1745 658 1823 terga
677 1743 763 1806 Noae
782 1743 973 1824 gelidumque
994 1742 1092 1805 seouri
1318 1751 1385 1808 100

361 1846 440 1908 eruit
461 1847 493 1906 et
512 1847 578 1908 tota
597 1865 659 1908 non
682 1846 766 1909 audit
785 1845 921 1909 Masona
942 1847 1023 1928 ripa3

294 1975 298 1981 ·
361 1968 497 2030 quosque
520 1950 617 2012 Taras
637 1951 818 2030 niveumque
840 1951 927 2012 ferax
946 1950 1105 2012 Evarehus
1128 1953 1250 2015 olorum.

360 2054 393 2114 te
411 2072 529 2134 quoque
549 2054 701 2133 venturis,
722 2055 832 2136 ingens
855 2053 1049 2131 Ariasmene,
1071 2056 1177 2118 sueolis

359 2156 551 2237 tradiderim,
571 2158 681 2220 molem
701 2160 772 2222 belli
793 2160 915 2240 lateque
935 2143 1083 2221 ferentem

379 2451 412 2498 94
430 2447 496 2497 Fata
513 2449 604 2498 Milon.
626 2450 689 2499 idern
705 2450 755 2514 leui
772 2450 801 2500 in
816 2450 841 2502 V
855 2450 975 2499 Heinsius
991 2446 1130 2512 adfirmauit
1236 2449 1267 2496 95
1287 2443 1383 2496 Sindo-

273 2527 344 2579 ninas
359 2533 421 2582 Bnn.
493 2537 567 2597 equat
578 2534 604 2586 V
667 2528 783 2594 ‘sortasse
797 2537 948 2585 scribendum
966 2534 1014 2582 Ast
1026 2531 1063 2581 ibi
1079 2527 1211 2580 Sidonicas
1228 2545 1285 2580 seer
1302 2530 1383 2595 pedes

274 2618 366 2680 aequet
383 2616 494 2668 hebenus
510 2621 549 2668 uel
565 2617 632 2668 inber
650 2619 727 2684 pedes
743 2623 811 2670 errat
827 2618 946 2675 habenas.
978 2621 1031 2668 nisi
1045 2617 1088 2666 sub
1105 2631 1160 2666 uoce
1174 2615 1241 2664 inter
1253 2620 1383 2678 pendiare

274 2702 375 2762 aliquod
391 2717 478 2752 nnnen
496 2705 579 2769 uentis
604 2707 761 2754 delitesceret.
799 2708 842 2755 sed
868 2720 920 2754 eum
940 2706 1044 2754 Sidenus
1064 2705 1092 2752 in
1108 2704 1286 2751 Basternururn
1306 2712 1382 2767 qente

274 2796 411 2848 reserasset,
429 2803 459 2838 ue
475 2790 573 2838 iliorum
584 2798 682 2850 partem
695 2787 777 2849 saesbt
789 2791 876 2840 Strabo
895 2790 957 2852 (VII
972 2807 998 2852 p.
1008 2789 1070 2855 300)
1088 2791 1185 2840 uidetur
1202 2789 1381 2850 rennuendum,

273 2885 306 2920 ne
324 2873 428 2922 eiusdem
440 2877 530 2936 populi
546 2877 583 2924 bis
598 2879 732 2926 meminerit
745 2876 809 2926 Post
819 2874 989 2926 Essedonious
1006 2876 1072 2925 inter
1090 2875 1166 2939 pedes
1184 2874 1252 2922 errat
1268 2872 1381 2924 habenas

275 2959 314 3005 nel
329 2957 398 3008 Hine
414 2955 576 3008 Assedonias'
590 2961 718 3012 Heinsius.
737 2958 830 3012 ‘censeo
849 2977 901 3012 nem
917 2963 1037 3021 Heinsio,
1057 2959 1199 3010 Issedonius
1218 2973 1270 3008 esss
1288 2963 1381 3009 reseri-

275 3043 377 3092 bendurn
393 3052 417 3094 et
430 3047 458 3093 in
473 3060 530 3094 osee
546 3044 614 3095 inter
632 3049 708 3096 latere
724 3063 809 3098 nornen
822 3049 927 3109 populi:
944 3050 983 3097 uel
995 3044 1065 3108 ferte
1084 3047 1210 3110 leqendurn
1226 3043 1296 3093 Hine
1312 3043 1382 3096 Isse·

275 3126 364 3179 doniss
381 3129 476 3180 mixtus
496 3130 573 3194 pedes
591 3133 810 3197 sequut.habenus
829 3141 857 3181 ut
880 3135 1025 3182 Issedonurn
1044 3131 1125 3192 oopus
1140 3144 1216 3190 nequo
1228 3133 1340 3190 pediturn
1356 3140 1382 3181 et

274 3215 382 3274 equiturn
399 3229 499 3265 nuntero
515 3225 626 3267 constare
644 3215 725 3268 dieat?
745 3220 911 3268 Burmannus.
937 3216 987 3266 Est
1003 3215 1048 3265 ubi
1068 3218 1097 3280 (i.
1118 3229 1138 3265 s.
1159 3216 1229 3276 bine)
1248 3215 1383 3268 Sidonioes

274 3297 342 3348 inter
363 3299 440 3366 pedes
464 3306 556 3368 aequat
572 3302 683 3353 habenas
707 3305 850 3369 quqnerus.
875 3318 917 3367 eye
936 3303 1001 3350 nibil
1022 3308 1116 3349 mutere
1130 3303 1223 3377 qnalui,·
1246 3319 1302 3351 nuru
1321 3312 1382 3366 post

277 3389 309 3436 95
321 3401 407 3436 uersus
424 3403 474 3437 non
491 3391 556 3438 nulli
566 3390 721 3439 intercidisse
737 3392 865 3449 videntur,
885 3391 971 3450 quibus
982 3384 1094 3447 fortusse
1111 3389 1219 3448 reliquus
1235 3397 1334 3452 uenies,
1352 3391 1382 3439 in

276 3483 337 3540 quus
354 3473 491 3522 &seuerius
509 3476 600 3524 diuisos
617 3489 669 3524 esse
685 3475 772 3524 Strabo
788 3477 884 3534 denuit,
904 3481 1056 3523 enumeretur
1075 3480 1146 3522 erunt
1245 3479 1276 3524 96
1295 3473 1323 3522 in
1342 3473 1382 3540 se]

275 3621 360 3657 seeum
377 3611 454 3661 ortu.
533 3562 629 3662 ababli
696 3610 873 3662 Exabaternas
891 3613 912 3661 0
928 3611 1113 3677 (Exabatarnas
1130 3613 1158 3660 in
1177 3613 1255 3660 eodies
1272 3627 1314 3660 suo
1334 3613 1386 3676 leui

275 3693 304 3741 in
321 3693 419 3745 ssboliis
436 3698 532 3747 diesen
543 3696 673 3764 Carrion),
692 3697 864 3748 Aeabetsrnas
877 3698 936 3746 Ald.
1009 3701 1040 3747 97
1061 3696 1194 3746 duretent
1211 3709 1294 3758 egeno
1306 3698 1332 3746 V

277 3783 309 3832 98
326 3794 358 3829 ne
375 3780 477 3846 rumpia
493 3784 527 3832 M
643 3787 691 3832 100
708 3782 819 3850 Tybarni
843 3785 905 3832 Bon.
995 3784 1066 3832 Noae
1091 3785 1132 3832 eui
1154 3783 1267 3832 nocetur
1284 3784 1384 3834 neseio:

275 3880 357 3916 noune
380 3868 442 3934 Vqr,
459 3866 583 3917 Noran
686 3873 733 3918 101
754 3872 809 3918 tuta
826 3871 863 3919 uel
880 3867 958 3917 tuoita
974 3869 1096 3917 Heinsius
1190 3871 1237 3916 102
1263 3869 1384 3933 Vsquene

271 3961 331 4013 post
350 3957 382 4004 98
394 3957 525 4016 peraridus
550 3968 602 4002 esse
619 3955 728 4016 uidetur,
746 3963 773 4003 ut
793 3949 904 4019 quosque
918 3957 1023 4015 pendent
1046 3955 1075 4002 ub
1097 3954 1211 4002 armati.
1230 3968 1250 4001 s.
1274 3963 1384 4004 urmutos

275 4041 359 4089 nsittit.
381 4044 425 4091 sed
438 4047 496 4090 ante'
516 4045 563 4090 102
580 4055 676 4090 uersum
694 4042 848 4089 intercidisse
863 4039 1016 4102 probabilius
1031 4045 1075 4086 est.
1146 4037 1229 4088 Tsrsx
1248 4040 1280 4098 0,
1301 4038 1383 4106 Tyras

274 4128 312 4174 utel
330 4125 408 4176 Teres
436 4130 474 4180 uel
497 4126 579 4176 'Porus
602 4127 671 4175 Pius.
707 4124 789 4175 Torus
808 4125 921 4186 probauit
944 4124 1079 4187 eaqueus
1163 4122 1314 4189 niueumque
1338 4127 1384 4176 ss:

274 4209 406 4276 niuemque
429 4214 454 4264 V
521 4217 569 4262 104
587 4209 687 4276 lateque
705 4211 826 4260 furentem
843 4207 959 4273 Vndique
978 4207 1070 4257 sulcato
1087 4207 1186 4258 deserte
1205 4222 1251 4272 per
1271 4223 1384 4274 aequore

274 4309 349 4344 onrru
373 4298 507 4358 Heinsius,
538 4296 631 4346 molem
657 4295 707 4345 late
732 4295 831 4360 lateque
858 4294 987 4343 ferentem.
1015 4295 1188 4352 Burmannus,
1216 4295 1284 4343 euius
1308 4297 1384 4344 eseber

273 4381 395 4431 exhibebat
421 4382 512 4432 molem
531 4381 607 4445 belli,
625 4381 675 4432 luto
693 4380 793 4446 lateque
809 4381 929 4430 terentem
