3086 4968
664 431 753 472 CAPUT
774 433 794 473 1.
1206 434 1283 476 xxm

173 598 387 680 6661611642
410 601 442 659 66
464 597 635 686 11129066
652 602 721 660 696.
745 631 785 642 -
807 597 824 658 1
847 603 908 662 662
932 621 999 662 6666
1020 601 1225 664 coniunctione
1246 604 1277 664 in

172 701 394 782 comparatione
417 705 508 781 poeta
528 701 571 762 ita
592 719 667 760 usus
687 703 744 774 666,
764 704 800 763 ut
823 703 975 764 omitteret
996 703 1044 764 vel
1066 707 1099 766 ut
1114 705 1277 786 relucetis

172 825 242 866 cum
264 805 351 866 verbi
371 803 551 864 substantivi
572 805 673 884 aliqua
696 805 803 877 fcrma3
825 823 895 866 nam
915 807 949 866 ut
962 804 1053 885 plena
1072 809 1156 867 esset
1171 808 1276 884 oratio,

172 907 334 968 dicendum
345 906 402 968 luit
416 905 545 968 66611666
559 906 613 968 dle
624 905 746 985 fornic,
760 908 859 989 qualis
872 911 1015 970 66616666
1028 909 1158 990 fingeret
1171 931 1196 971 e.
1210 933 1236 991 q.
1252 933 1275 972 s.

172 1011 199 1072 is
220 1009 437 1071 coniunctionis
456 1008 537 1070 illius
558 1029 633 1069 usus
653 1011 769 1071 duobus
781 1009 855 1070 locis
868 1008 966 1069 fraudi
983 1009 1039 1070 fuit
1053 1011 1276 1092 interpretibus.

173 1133 243 1174 narn
270 1113 389 1174 11103
419 1111 498 1190 quod
525 1112 557 1172 in
577 1111 724 1174 Vaticano
750 1113 864 1190 legitur
893 1132 960 1174 6666
986 1117 1047 1174 6616·
1070 1119 1181 1178 cubem
1210 1119 1277 1180 urb

172 1217 301 1278 66616166
333 1234 424 1278 ourco
453 1215 563 1292 (66666
592 1214 712 1292 quidem
746 1234 763 1274 e
792 1215 964 1278 coniectura
988 1215 1112 1297 scripsi)
1141 1237 1200 1278 non
1229 1223 1278 1281 est

173 1337 226 1380 cur
243 1320 387 1378 mutetur.
425 1317 565 1378 nimirum
587 1317 665 1380 dixit
686 1317 842 1394 Valerius,
863 1320 1014 1381 Venerem
1041 1322 1105 1381 tum
1133 1339 1193 1381 non
1216 1323 1277 1383 tam

172 1422 283 1484 almam
312 1421 406 1482 luisse
429 1419 542 1495 rideri,
568 1420 664 1499 qualis
692 1423 775 1482 esset
794 1441 863 1482 eum
885 1421 943 1482 reti
962 1441 1053 1482 aureo
1075 1421 1188 1482 crinem
1209 1425 1278 1486 sub

172 1527 316 1584 necteret
351 1522 463 1583 11453
486 1541 603 1603 quoque
625 1543 680 1603 pro
701 1544 768 1586 cum
793 1521 958 1586 Sabellicus
979 1524 1105 1587 coniecit
1125 1546 1193 1606 qao,
1216 1527 1277 1588 An-

171 1628 262 1690 dreas
276 1624 418 1687 Sohottus
439 1646 501 1702 ocu,
523 1645 702 1705 quamquam
722 1629 832 1688 neutra
852 1628 979 1690 traditae
1002 1609 1168 1708 scripturae
1182 1633 1278 1692 muta·

171 1732 254 1792 tione
282 1749 359 1810 opus
388 1733 444 1790 est.
485 1747 554 1789 nam
584 1749 646 1790 vox
675 1731 822 1810 quaedam
846 1726 956 1794 ‘flebile
983 1719 1160 1794 suecedens'
1188 1751 1277 1793 aures

171 1834 314 1895 Hemoda
338 1837 370 1892 66
389 1833 560 1894 Telamonis
582 1833 721 1911 attingit,
741 1833 838 1911 qualis
859 1839 908 1896 666
928 1836 1009 1896 unda
1027 1854 1094 1896 cum
1115 1835 1210 1896 fracta
1230 1854 1277 1897 re·

171 1938 347 2000 murmurat.
386 1956 441 2016 pro
462 1936 585 1998 vocibus
607 1955 684 2014 quae
706 1942 778 1999 sunt
789 1936 898 2016 flebile
919 1938 1075 2000 6666661666
1094 1938 1173 2018 quod
1184 1936 1276 2016 flebi-

171 2045 213 2105 166
233 2061 270 2103 co
290 2040 393 2102 6611666
411 2040 539 2100 sortasse
557 2039 747 2100 scribendum
762 2059 831 2100 esse
843 2040 906 2102 dixi
918 2042 950 2100 in
962 2041 1153 2104 adnotatione
1166 2041 1278 2116 critica,

171 2165 252 2205 nunc
271 2163 320 2204 me
342 2143 490 2222 paenitet;
512 2142 581 2203 illae
604 2143 683 2203 eninr
704 2143 904 2206 defenduntur
923 2143 987 2205 VII
1010 2147 1071 2206 215
1094 2148 1158 2206 6666
1169 2141 1277 2222 flebile

168 2246 303 2327 96661666
327 2246 481 2326 maluit.
525 2245 688 2340 tribueram
719 2248 821 2307 autem
848 2247 971 2308 66666111
995 2247 1087 2307 verbo
1118 2265 1184 2306 eam
1213 2246 1277 2306 iere

171 2350 234 2412 vim
262 2367 352 2428 quam
370 2367 548 2448 6666666666
569 2348 676 2423 habet,
701 2367 797 2429 neque
828 2349 1004 2429 displicebat
1026 2348 1077 2409 illa
1097 2348 1278 2424 coniectura,

171 2471 240 2514 oum
264 2454 296 2513 66
320 2451 456 2512 Vaticani
477 2453 585 2514 litteris
608 2452 866 2512 commendaretur
887 2456 919 2514 66
940 2454 1028 2512 aucta
1047 2451 1276 2531 comparationis

171 2557 203 2617 vi
224 2559 257 2616 et
280 2555 424 2629 veritate3
447 2575 483 2616 eo
507 2555 585 2616 enim
605 2556 747 2634 putabam
768 2554 912 2616 contineri
931 2554 1052 2616 tertium
1073 2554 1153 2632 quod
1167 2555 1277 2614 vocant

171 2657 416 2738 comparationis,
438 2659 517 2738 quod
539 2679 601 2720 vox
619 2657 774 2720 Hesionae
797 2658 1006 2728 evanescebat,
1027 2661 1062 2718 nt
1081 2658 1179 2717 undae
1193 2659 1275 2736 post

172 2781 261 2842 quam
283 2761 314 2822 iu
334 2761 422 2823 litore
444 2761 538 2822 fracta
567 2764 615 2822 cst
632 2760 880 2823 remurmurantis
902 2779 995 2820 sonus
1018 2759 1161 2840 paulatim
1182 2759 1277 2820 immi·

171 2865 282 2926 61116116.

276 2966 360 3028 Libri
388 2965 475 3046 primi
500 2986 609 3028 versus
640 2972 721 3043 670,
748 2968 828 3046 quod
858 2969 942 3046 leges
972 2967 1079 3047 quibus
1108 2970 1276 3046 temporum

171 3070 413 3132 consecutionem
440 3069 540 3132 Latini
565 3068 862 3152 circumscripserunt
888 3070 1016 3150 tmpiter
1039 3069 1169 3130 violatae
1194 3069 1277 3130 vide-

172 3179 299 3248 6666116,
331 3172 528 3252 complurium
560 3174 715 3234 doctorum
745 3173 897 3234 hominum
924 3172 1141 3234 emendatrices
1169 3191 1276 3234 manus

173 3280 319 3358 expertus
341 3279 405 3350 666,
427 3277 477 3356 qui
498 3275 655 3337 Valerium
677 3295 695 3336 a
717 3278 846 3340 66161166
867 3275 1019 3355 praesenti
1041 3277 1175 3355 tempore
1198 3275 1277 3336 dioto

171 3385 263 3444 earet
287 3379 420 3460 pendere
453 3379 587 3440 voluisse
607 3381 767 3458 negabant
813 3379 868 3438 sed
894 3397 962 3438 eum
983 3396 1184 3455 omnesquae
1209 3397 1277 3457 pro-

172 3486 288 3566 positae
317 3486 389 3544 sunt
413 3483 615 3558 coniecturae,
647 3481 783 3562 quamvis
807 3480 868 3540 sint
892 3479 1049 3556 ingeniose
1078 3481 1277 3560 excogitatae,

174 3586 379 3666 Oudendorpii
406 3587 437 3646 in
460 3587 578 3666 primis,
606 3605 624 3645 a
646 3584 785 3646 Vaticani
807 3583 950 3644 memoria
971 3583 1059 3645 nimis
1082 3585 1173 3664 longe
1196 3603 1277 3646 rece·

173 3694 261 3765 dant,
291 3692 410 3769 poetam
433 3690 511 3750 malo
534 3687 746 3767 neglegentiae
764 3689 903 3748 incusare
925 3707 1015 3766 quam
1036 3689 1187 3765 librarios,
1210 3708 1278 3750 oum

173 3792 352 3874 praesertim
385 3793 416 3852 in
451 3792 602 3854 sententia
632 3809 740 3852 vorsus
776 3789 848 3868 quid
873 3789 1005 3854 offendat
1030 3812 1090 3853 non
1117 3791 1276 3852 inveniam

174 3897 257 3978 ponit
279 3894 358 3955 enim
379 3894 472 3957 Iason
494 3895 560 3956 axis
582 3892 722 3955 volvatur
745 3911 869 3954 necesse
891 3914 969 3970 6666,
988 3899 1023 3957 116
1044 3896 1161 3975 aequali
1173 3893 1276 3956 mundi

175 4001 306 4082 pondere
344 4017 405 4058 non
440 3998 560 4058 turbato
592 3997 747 4056 aeternum
777 3997 901 4058 deorum
933 4017 1009 4078 opus
1041 3999 1150 4059 durare
1179 3998 1278 4077 possit

175 4105 273 4182 (01:11
292 4105 377 4180 358).
418 4121 516 4180 neque
534 4101 565 4160 in
587 4099 711 4160 Valerio
733 4099 891 4161 brevitatis
914 4101 1117 4162 amantissimo
1136 4100 1277 4175 66666161,

175 4227 263 4288 quam
292 4226 397 4267 vocem
418 4204 593 4282 Wagnerus
615 4205 709 4280 negat
731 4204 841 4264 habere
862 4224 920 4282 quo
942 4205 1098 4276 reserator,
1116 4200 1276 4281 displicere

177 4314 291 4390 potest,
316 4329 384 4370 rum
412 4307 492 4388 quod
519 4303 750 4386 Oudendorpius
775 4305 946 4368 coniectura
974 4307 1004 4366 in
1032 4323 1155 4366 versum
1176 4306 1277 4366 intulit
