3086 4968
679 457 768 499 carm
789 459 810 500 1.
1190 464 1297 507 xxxvn

177 624 297 685 iectura
326 641 402 683 usus
431 621 641 685 infelicissima
678 643 748 686 nam
774 627 932 688 remissam
957 629 1075 706 hastam
1102 627 1204 691 Taxes
1231 651 1291 693 nou

177 727 301 806 poterat
321 743 401 805 pone
430 743 463 784 se
489 724 624 801 trahere,
654 744 751 807 neque
771 727 865 808 pedes
891 731 964 806 fuit,
990 734 1025 793 ut
1052 731 1181 794 calcibus
1207 734 1290 798 illam

176 849 198 888 e
220 847 347 908 corpore
372 826 467 888 hostis
486 831 621 890 exueret.
1028 907 1030 917 k

283 929 321 990 In
353 928 421 990 libri
455 931 536 992 sexti
568 931 708 993 versibus
741 935 926 996 450-453
957 933 1031 995 nibil
1062 937 1193 1016 mutavi,
1230 938 1289 1001 etsi

177 1052 299 1112 omnes,
327 1033 378 1114 qui
405 1033 476 1093 ante
496 1051 545 1092 me
567 1033 599 1093 in
623 1036 808 1100 emendando
828 1035 950 1098 Valerio
973 1039 1088 1100 versati
1111 1042 1197 1116 sunt,
1219 1059 1288 1102 eon·

175 1136 294 1196 iectura
322 1153 398 1214 opus
427 1153 495 1194 esse
527 1136 727 1200 crediderunt.
763 1161 834 1202 nam
864 1141 938 1201 haec
964 1144 1012 1201 est
1039 1141 1184 1203 enuntiati
1206 1142 1287 1205 illins

176 1239 347 1299 structura:
369 1234 446 1298 Iuno
468 1241 589 1319 praeter
609 1239 748 1302 Medeam
770 1262 833 1304 non
854 1243 939 1306 videt
959 1244 1047 1304 aliam
1066 1244 1161 1307 tauris
1183 1245 1287 1307 armis-

177 1361 237 1422 que
266 1341 469 1402 crescentibus
498 1360 618 1422 parem,
650 1362 709 1403 uon
738 1344 826 1405 aliam
838 1393 847 1422 ‚
875 1363 952 1426 quae
980 1346 1077 1407 medio
1105 1347 1137 1408 iu
1166 1349 1286 1427 agmine

175 1447 315 1506 flammae
343 1442 488 1504 inviolata
516 1447 590 1521 stet,
626 1465 686 1507 non
716 1449 805 1509 aliam
832 1449 959 1529 denique
992 1449 1032 1510 ad
1058 1451 1173 1512 nullum
1200 1453 1287 1514 naias

175 1548 336 1627 nullosque
357 1546 442 1607 visus
463 1548 645 1608 horrescere.
681 1549 755 1611 vitio
777 1554 879 1612 antem
897 1551 1088 1613 tribuendum
1109 1556 1157 1616 est
1177 1557 1286 1636 poetae

175 1671 237 1713 uon
272 1650 371 1711 solum
408 1651 486 1730 quod
520 1646 685 1713 structura¹
703 1654 750 1714 bis
778 1657 894 1716 mutata
921 1655 1100 1716 senteutiam
1129 1659 1286 1720 obscuram

176 1753 309 1815 reddidit
337 1755 369 1814 et
397 1753 587 1833 impeditam,
624 1755 679 1814 sed
707 1759 786 1837 quod
812 1758 868 1818 hoo
892 1776 1009 1837 quoque
1039 1757 1103 1820 loco
1131 1759 1178 1820 bis
1206 1760 1286 1821 idem

176 1857 261 1918 dixit
300 1875 338 1916 θῇ
359 1854 439 1915 enim
459 1854 526 1935 ipsa
548 1875 583 1916 re
606 1859 701 1918 tauris
720 1879 753 1920 se
775 1879 879 1941 parem
897 1861 1007 1921 Medea
1026 1862 1179 1940 praestat,
1206 1863 1286 1942 quod

176 1961 227 2022 vel
248 1959 281 2020 in
301 1957 410 2019 mediis
431 1957 559 2020 flammis
580 1958 700 2039 integra
719 1966 829 2024 manet.

279 2061 436 2123 Postremo
461 2061 527 2122 loco
557 2080 574 2120 e
602 2062 677 2123 libro
707 2069 795 2126 sexto
818 2067 893 2128 duas
913 2063 1150 2148 comparationes
1173 2063 1285 2144 signifi-

175 2165 259 2253 cabo,
281 2183 356 2245 quas
371 2162 536 2238 Valerium,
552 2162 578 2224 si
597 2183 717 2226 carmen
732 2188 820 2230 suum
832 2173 997 2231 retractare
1010 2167 1166 2243 voluisset,
1185 2186 1284 2228 emen-

176 2267 319 2328 daturum
340 2266 434 2328 fuisse
457 2285 637 2346 persuasum
660 2270 763 2332 habeo.
801 2293 849 2333 vv.
868 2275 933 2333 490
954 2274 985 2332 et
1006 2275 1068 2331 491
1088 2269 1198 2330 Medea
1219 2289 1286 2330 nar·

175 2373 261 2432 ratur
288 2388 306 2430 a
330 2369 445 2430 Iunone
467 2369 498 2429 iu
526 2371 644 2434 moenia
671 2373 763 2434 ducta
786 2394 869 2452 esse,
897 2375 977 2435 unde
1000 2375 1140 2458 Iasonem
1169 2371 1285 2434 fortiter

175 2475 362 2554 pugnantem
390 2473 542 2553 spectaret
568 2474 599 2533 et
625 2476 794 2556 adamaret,
824 2495 882 2558 qua
909 2497 943 2538 re
972 2477 1062 2558 paulo
1090 2476 1160 2555 post
1180 2473 1285 2536 infelix

174 2577 254 2638 facta
286 2575 333 2636 sit
376 2575 451 2636 haec
479 2575 588 2636 Medea
623 2594 691 2638 oum
718 2580 793 2640 albis
820 2579 907 2659 liliis,
944 2598 1022 2660 quae
1047 2581 1140 2640 breve
1168 2581 1286 2640 tantum

175 2682 296 2761 tempus
327 2678 454 2740 floreant
483 2680 515 2740 et
538 2683 698 2742 ventorum
723 2683 756 2743 vi
783 2683 906 2744 floribus
928 2683 1066 2763 foliisque
1083 2702 1155 2743 mox
1176 2681 1284 2761 despo

174 2783 303 2860 lieutnr,
326 2786 499 2864 comparata
519 2785 589 2863 apte
612 2785 732 2863 quidem
752 2786 950 2862 illustrantur,
971 2785 1041 2845 vide
1060 2786 1171 2861 tamen
1195 2803 1284 2865 quem

174 2885 278 2965 inepte
306 2888 397 2965 poeta
423 2885 675 2967 comparationem
703 2887 940 2950 conformaverit.
976 2907 1043 2948 cum
1073 2888 1152 2948 enim
1180 2887 1212 2948 in
1233 2905 1283 2949 vv.

175 2993 239 3050 493
259 2990 291 3048 et
314 2990 388 3052 494,
404 2988 477 3049 insit
497 2988 620 3050 tertium
649 2989 729 3069 quod
750 2992 861 3050 vocant
880 2989 1126 3071 comparationis,
1156 2989 1207 3069 qui
1228 2989 1283 3050 hos

174 3111 284 3153 versus
313 3090 442 3171 primum
465 3093 565 3171 leget,
591 3092 623 3152 in
647 3111 675 3152 v.
693 3095 756 3154 492
778 3093 809 3152 id
836 3092 938 3155 inesse
959 3093 1092 3175 putabit,
1118 3093 1154 3153 ut
1173 3091 1285 3154 Medea

125 3231 134 3245 ·
175 3193 359 3273 Chalciopen
388 3194 488 3274 specie
517 3193 684 3273 superarit,
713 3199 749 3255 ut
780 3194 843 3255 lilia
870 3197 938 3258 alba
965 3195 1107 3257 evernis
1136 3195 1284 3256 coloribus

175 3297 323 3359 eluceant.
345 3331 388 3340 —
416 3317 453 3358 ea
481 3317 599 3377 quoque
617 3316 704 3382 ¹quae
732 3299 795 3359 503
816 3318 877 3378 sqq.
905 3299 1075 3361 continetur
1100 3297 1283 3377 comparatio

173 3401 267 3461 habet
301 3418 355 3460 cur
387 3399 553 3482 displiceat
594 3419 665 3460 uam
699 3400 823 3460 horrent
850 3401 970 3481 quidem
995 3401 1104 3461 Medea
1133 3403 1165 3460 et
1195 3398 1283 3463 Chal·

174 3505 260 3585 ciope
282 3522 432 3564 armorum
453 3505 652 3582 tubarumque
675 3502 818 3582 strepitu,
838 3523 936 3584 neque
958 3507 1059 3566 tamen
1075 3503 1206 3584 fugiunt,
1228 3505 1284 3566 sed

175 3609 294 3668 restant
330 3609 542 3688 spectantque:
577 3626 650 3675 aves
679 3608 796 3680 autem,
829 3607 936 3686 quibus
963 3606 1033 3668 illae
1063 3611 1284 3688 comparantur,

174 3709 307 3771 instante
334 3708 502 3771 nimborum
531 3709 563 3771 vi
591 3709 730 3770 turbatae
760 3707 909 3769 inuidos
938 3729 1009 3771 suos
1037 3731 1071 3772 se
1098 3713 1282 3775 abscondere

175 3813 324 3874 dicuntur.
1237 3835 1239 3838 ·

279 3913 427 3995 Superest
458 3917 493 3976 ut
528 3916 566 3976 de
599 3914 663 3977 VII
693 3917 877 3978 eae-563
910 3917 1031 3997 loquar,
1066 3937 1154 3998 quem
1185 3919 1282 3978 locum
1371 3898 1373 3904 ἲ

176 4037 283 4080 censor
314 4017 452 4080 editionis
482 4018 696 4096 Harlesianae,
725 4037 814 4101 quem
840 4017 987 4080 Beckium
1016 4039 1084 4081 esse
1106 4018 1281 4096 Wagnerus

176 4120 348 4201 suspicatus
371 4125 434 4198 est,
452 4142 512 4183 nou
528 4121 640 4184 «iniuria
660 4122 832 4184 intricatum
854 4121 934 4184 dixit
955 4127 986 4185 et
1004 4124 1041 4184 ob
1063 4121 1283 4184 diversissimas

178 4223 394 4304 explicationes
424 4226 652 4288 memorabilem.
696 4245 773 4306 quae
801 4225 982 4306 interpretes
1011 4224 1049 4286 ad
1078 4243 1187 4287 versus
1214 4225 1282 4289 illos

176 4325 361 4389 enarrandos
396 4327 495 4389 adhuc
526 4328 718 4409 protulerunt
751 4319 828 4390 nolo
850 4331 1001 4410 repetere;
1035 4327 1094 4390 alia
1119 4329 1214 4409 enim,
1248 4336 1283 4392 ut
