3132 4968
704 442 727 482 Ο.
743 439 850 484 vanam
864 441 964 483 FLACGI

349 592 390 668 si,
413 593 507 653 decus
531 594 563 653 et
583 593 699 672 pecoris
720 593 885 673 Nephelaei
909 594 1029 656 vellera
1045 592 1138 658 Graio
1162 633 1163 638 κ

365 695 458 778 redde
478 696 559 757 tholo
581 715 617 758 ao
640 697 733 758 tantis
757 699 850 758 temet
871 697 998 775 dignare
1019 693 1153 778 periclis?

363 796 473 858 talibus
495 799 631 860 hortatur
653 799 807 875 iuvenem,
829 801 1008 881 propiorque
1029 802 1143 862 iubenti

363 899 520 976 conticuit,
541 905 643 963 certus
665 901 805 983 Scythico
826 921 1003 963 concurrere
1021 908 1113 984 ponto

363 1001 520 1082 Cyaneas,
541 1005 684 1084 tantoque
706 1005 775 1066 silet
797 1024 940 1084 possesse
958 1006 1087 1067 dracone

362 1107 492 1182 vellera,
512 1106 674 1168 multifidas
693 1106 776 1186 regis
797 1127 887 1186 quem
906 1107 968 1168 filia
988 1107 1108 1188 linguas

361 1209 531 1280 ,vibrantem
551 1229 592 1270 cx
614 1208 715 1290 adytis
737 1212 827 1270 cantu
852 1210 1038 1291 dapibusque
1059 1213 1194 1289 vocabat,

361 1311 411 1390 [et
432 1312 523 1372 dabat
542 1311 685 1372 hesterno
707 1311 831 1372 liventia
851 1313 941 1373 mella
961 1313 1101 1393 veneno]

424 1427 499 1488 Mox
517 1428 599 1489 taciti
620 1429 746 1508 patuere
768 1431 828 1492 doli
848 1450 904 1492 nec
925 1429 1039 1492 vellera
1058 1451 1148 1493 curae

360 1545 433 1592 esse¹
448 1530 530 1608 viro,
552 1533 606 1592 sed
628 1550 698 1591 sese
719 1531 794 1592 odiis
816 1532 946 1594 inmania
963 1535 1033 1613 cogi
1337 1541 1377 1600 65

360 1639 392 1699 in
416 1637 510 1710 freta,
531 1655 590 1714 qua
611 1635 710 1696 iussos
732 1636 898 1695 sectantem
920 1654 1065 1714 quaerere
1088 1636 1213 1702 Colchos

359 1741 425 1804 arte
446 1739 544 1818 queat.
588 1755 668 1798 nuno
691 1736 763 1796 aerii
784 1736 932 1816 plantaria
953 1740 1045 1800 vellet

357 1842 486 1904 Perseos
504 1843 559 1902 aut
578 1829 669 1900 curru
689 1857 798 1900 saevos
821 1839 956 1901 frenasse
976 1843 1121 1904 dracones

358 1946 506 2020 creditus,
525 1945 648 2022 ignaras
668 1941 786 2004 Cereris
809 1941 860 2022 qui
876 1961 998 2004 vomere
1017 1948 1115 2007 terras

357 2049 464 2110 imbuit
484 2050 515 2107 et
534 2047 614 2109 flava
632 2064 777 2125 quercum
796 2045 949 2106 damnavit
969 2048 1071 2112 arista.
1334 2059 1375 2116 70

356 2154 417 2214 heu
439 2151 510 2233 quid
531 2151 621 2230 agat?
643 2149 824 2230 populumne
845 2149 945 2211 leuem
964 2153 1120 2234 veterique
1140 2156 1269 2236 tyranno

358 2255 508 2317 infensum
530 2255 630 2335 adque
653 2253 722 2314 olim
745 2254 924 2315 miserantes
948 2255 1071 2317 Aesona
1091 2261 1194 2338 patres

269 2407 270 2410 ι
357 2359 503 2422 advocet?
525 2379 563 2421 au
586 2357 667 2420 socia
686 2356 801 2418 Iunone
826 2360 857 2418 et
877 2356 999 2419 Pallade
1019 2360 1114 2420 fretus

374 2602 406 2649 56
426 2614 468 2646 ano
485 2601 535 2648 loeo
552 2599 643 2663 lepitnr
661 2597 689 2645 in
706 2598 751 2658 Μ,
767 2606 826 2660 poet
845 2602 878 2648 et
895 2601 923 2649 in
940 2599 987 2649 VP
1035 2595 1066 2647 Id
1083 2598 1137 2650 Vm,
1156 2611 1216 2657 see„
1234 2599 1289 2648 Nec
1305 2602 1370 2652 rm.

270 2697 314 2738 aee.
386 2685 566 2732 distinctionem
587 2696 635 2742 qne
657 2695 718 2728 nene
740 2698 793 2731 aum
811 2684 881 2732 debeo
898 2685 1053 2744 antanno,
1079 2685 1123 2744 qui
1144 2690 1182 2743 et,
1207 2686 1300 2734 anilem
1313 2685 1373 2748 poet

268 2767 354 2818 viriles
369 2770 577 2831 interpmtetione,
596 2767 624 2816 in
638 2765 726 2828 decus,
744 2766 754 2815 i
773 2769 881 2819 coniecit.
919 2768 947 2817 in
964 2766 1040 2817 decus
1058 2767 1082 2829 i,
1100 2771 1221 2820 Heinsius
1278 2778 1311 2823 58
1330 2789 1371 2823 or·

267 2857 335 2904 tatus
353 2857 387 2905 Μ
390 2891 397 2916 ‚
415 2855 531 2905 hortatus
548 2856 707 2902 Burmannus
763 2851 918 2917 propiorque
936 2868 976 2902 m:
993 2853 1163 2918 propriorque
1180 2857 1227 2908 VP
1274 2856 1372 2907 iubenti

268 2942 346 2992 PVm.
366 2958 411 2991 ree.
430 2956 470 2994 m:
487 2937 585 2989 inuenti
607 2940 637 2999 V,
655 2936 752 2988 uiuenti
769 2939 803 2988 Μ
857 2943 889 2993 59
908 2939 990 2986 certus
1009 2939 1071 2988 Ite:
1089 2939 1164 2988 certis
1187 2943 1213 2994 V
1263 2946 1295 2992 62
1315 2940 1369 2992 adi-

266 3026 300 3077 tis
319 3029 353 3077 Μ
404 3029 437 3078 63
457 3027 545 3074 secturi
551 3039 560 3073 :
576 3038 606 3071 ee
616 3020 684 3072 VIII
698 3027 730 3073 96
749 3038 785 3085 eq.
806 3021 910 3084 essictna
932 3025 1029 3072 videtur
1079 3025 1196 3075 hesterno
1211 3034 1246 3092 tp:
1266 3015 1372 3078 externo

271 3114 347 3173 VN,
365 3112 462 3162 alterno
474 3111 607 3169 Hancne,
625 3108 725 3159 interno
736 3111 945 3171 Eyssenhardtiue
962 3124 1023 3158 mne.
1046 3111 1123 3162 Rien.
1137 3110 1215 3164 XVII
1228 3116 1316 3174 p.379

264 3197 370 3250 liuentia
382 3199 416 3248 Μ
430 3195 458 3264 (u
475 3199 580 3247 redencio
597 3187 643 3244 eh
665 3195 794 3260 eorreetol:
811 3194 916 3244 libentia
936 3195 985 3245 VP
999 3193 1117 3259 (libantia
1134 3201 1162 3246 in
1180 3206 1284 3258 utroque
1303 3215 1366 3249 corr.

160 3344 164 3351 1
265 3300 295 3338 ni.
316 3282 375 3343 ree.)
445 3288 478 3333 64
497 3279 577 3348 taciti]
596 3280 681 3330 iuveni
704 3281 838 3347 Weqneine
890 3278 1002 3345 uellerea
1018 3281 1044 3332 V
1108 3285 1140 3332 o5
1157 3281 1277 3333 immania
1292 3287 1319 3334 P

265 3373 297 3418 66
322 3367 358 3416 sie
381 3366 482 3417 tandem
501 3377 551 3434 ipe
620 3363 725 3428 perdere
744 3373 780 3414 eet
797 3367 935 3414 coniectura
953 3365 1003 3414 oiri
1019 3367 1084 3414 docti
1106 3368 1124 3417 i.
1149 3383 1225 3434 merp.
1256 3371 1371 3421 Vaticani

269 3453 374 3503 Venetae
391 3455 505 3502 editionis
524 3453 667 3512 exemplaris
690 3451 719 3498 ab
737 3451 842 3498 Heinsio
860 3451 979 3510 inspecti,
1004 3463 1075 3510 quent
1093 3454 1183 3512 probat
1202 3456 1367 3514 Bnnmennue,

263 3541 316 3586 nisi
333 3541 397 3602 qnod
415 3552 465 3599 pro
487 3552 536 3602 qua
552 3539 642 3586 mavult
666 3549 716 3600 quo
790 3548 839 3598 qno
864 3531 946 3582 iussos
971 3537 1108 3584 sectantem
1131 3542 1242 3590 avertere
1260 3538 1368 3590 Colchos
1443 3569 1449 3582 ·

264 3625 326 3674 Arte
344 3624 434 3686 queat?
461 3629 504 3670 ent
520 3636 569 3687 qua
591 3620 674 3669 iussos
692 3617 811 3668 sectando
830 3617 957 3682 inquirere
978 3618 1086 3670 Colchos
1104 3622 1166 3672 Arte
1186 3627 1275 3689 queat,
1301 3639 1368 3675 nunc

182 3747 186 3753 .
263 3723 282 3766 e,
303 3721 326 3768 q.
349 3723 368 3754 e.
393 3707 514 3755 Heineinr
588 3703 891 3757 cupersanense.
963 3705 1207 3775 curru-creditus]
1229 3712 1286 3759 dedi
1307 3725 1369 3772 qnae

263 3799 320 3841 seint
338 3794 367 3840 in
388 3793 413 3842 V
412 3793 447 3850 P,
472 3807 527 3839 enm
544 3791 614 3840 certa
631 3790 737 3838 nondum
755 3792 915 3850 probabiliter
933 3793 1056 3840 emendata
1073 3795 1209 3845 videantur.
1246 3810 1322 3844 curru
1339 3799 1368 3845 ut

258 3881 292 3940 0,
315 3892 427 3940 currum,
444 3879 473 3925 ut
484 3883 618 3938 praeeunte
629 3875 720 3922 Bnlaeo
732 3877 895 3924 Bnnnennne.
927 3872 1039 3934 foetosae
1056 3881 1161 3942 cuperet
1177 3887 1200 3928 et
1216 3876 1314 3928 frenare

257 3978 334 4014 seuos
351 3963 385 4012 Μ
442 3961 562 4012 dracones
580 3961 649 4010 MP:
666 3959 804 4010 drachones
828 3963 854 4012 V
919 3965 952 4010 69
970 3959 1122 4026 Triptolemi
1141 3965 1255 4013 Selettue
1272 3966 1363 4016 obceno

166 4033 169 4042 ,
260 4049 354 4115 1154,
380 4045 490 4122 creditae
514 4051 543 4097 ut
563 4047 687 4095 Heinsius
709 4047 838 4094 tenninete
863 4045 984 4094 dracones
1007 4061 1062 4094 oeee
1086 4051 1214 4097 sententie.
1253 4047 1366 4108 foi-taen

258 4133 336 4184 illius.
372 4135 428 4184 olim
446 4135 570 4194 scriptura
587 4145 648 4194 pune
665 4147 686 4180 e.
709 4135 741 4180 68
767 4137 803 4178 est
827 4133 854 4178 in
877 4132 924 4182 VP
938 4145 987 4179 nen
1005 4139 1097 4181 mutate
1121 4136 1265 4182 coniecerem
1284 4131 1365 4182 fertur

257 4276 287 4321 nt
356 4218 453 4322 coneraia
476 4274 501 4324 V
567 4271 611 4336 qni
629 4279 667 4339 ψε
688 4283 737 4334 quo
759 4270 807 4322 VP
874 4272 905 4320 to
922 4267 1022 4320 Imbuat
1044 4272 1096 4324 Vm.
1118 4288 1163 4323 ree.
1236 4271 1365 4324 damnabit

257 4360 312 4412 Vm.
333 4372 378 4406 ree.
