3086 4968
671 387 760 428 CAPUT
780 386 811 426 11.
894 381 902 392 “
1207 389 1296 432 Lxxrx

183 557 336 641 traditque
349 579 390 620 ex
402 558 514 620 Aldina
535 521 649 638 recepi3
671 553 837 616 Vaticanus
853 557 885 618 et
899 551 1105 632 sangallensis
1122 559 1296 638 apographa

183 666 336 744 trahitque
357 662 501 724 exhibent
524 659 604 741 quod
625 663 657 718 et
677 677 869 720 numerorum
891 660 923 718 et
945 657 1112 718 sententiae
1133 677 1226 721 cansa
1247 681 1294 722 re·

182 768 356 828 iectanenm
385 768 440 826 est.
474 781 584 824 versus
606 761 725 843 quidem
754 759 785 821 in
804 757 956 822 Carrionis
977 760 1061 836 libro,
1084 760 1133 840 qui
1154 765 1293 828 retrahit-

184 891 242 954 qae
264 869 384 944 habuit,
404 869 435 930 in
451 886 525 945 eger
545 866 617 941 fuit,
638 864 693 924 sed
713 863 862 924 sententia
886 865 1058 944 depravata.
1080 864 1233 925 -etiam
1255 867 1293 928 dc

185 971 323 1034 eiusdem
350 970 419 1031 libri
437 989 531 1032 versu
554 972 617 1030 253
639 968 696 1028 hoc
721 966 786 1026 loco
808 966 981 1048 disputabo,
1009 985 1187 1046 quamquam
1208 969 1295 1062 Vati-

185 1075 256 1136 cani
288 1073 492 1134 testimonium
525 1073 655 1133 fortasse
691 1069 845 1148 integrum
877 1073 931 1131 ast
972 1069 1163 1131 Burmannus
1194 1075 1294 1135 autem

187 1178 341 1242 Carricnis
364 1168 544 1258 scripturam
567 1173 650 1235 dedit
670 1175 797 1234 misane
818 1175 926 1250 retiae,
950 1193 1039 1254 quam
1061 1173 1191 1236 Vossius
1211 1179 1294 1238 recte

185 1283 324 1364 putidam
346 1281 431 1342 dixit.
465 1298 539 1340 sana
560 1277 639 1338 enim
661 1276 811 1338 sententia
832 1296 921 1357 quam
937 1277 1113 1356 Wagnerus
1133 1279 1190 1340 hoc
1207 1282 1294 1344 modo

187 1385 346 1466 exposuit:
370 1377 458 1464 ‘cape
480 1387 516 1444 tu
536 1400 655 1456 ensem,
680 1381 735 1442 tibi
757 1381 851 1442 tutius
869 1380 1079 1456 committitur,
1104 1400 1165 1462 -quo
1187 1383 1297 1446 misera
1357 1369 1360 1383 ’

185 1507 247 1567 ego
270 1489 360 1551 etiam
382 1505 462 1547 nunc
482 1486 611 1548 tortasse
635 1485 718 1545 abuti
738 1471 862 1565 possim'
886 1483 1105 1544 obscurissimis
1126 1486 1228 1547 verbis
1244 1493 1306 1548 er-⁴

186 1610 298 1673 pressa
319 1593 375 1667 est,
398 1609 525 1670 quorum
545 1589 620 1650 haec
642 1591 690 1648 est
706 1588 754 1649 vis
776 1587 912 1668 propria:
935 1607 1038 1648 ensem
1057 1587 1089 1648 in
1110 1591 1297 1652 commodum

187 1696 319 1756 miserae
340 1694 437 1755 retine
458 1693 539 1774 apud
559 1695 597 1753 te
629 1692 731 1772 itaque
747 1691 786 1752 ad
801 1690 980 1752 Vaticanum
1000 1691 1121 1750 rediens
1138 1696 1172 1754 ta
1185 1695 1297 1774 potius,

188 1801 348 1874 miserere,
372 1800 436 1858 tene
460 1795 582 1876 scripsi,
603 1795 660 1856 etsi
681 1798 822 1857 miserere
844 1794 1033 1872 ineleganter
1056 1795 1182 1856 orationi
1203 1797 1298 1858 inscr-

188 1905 256 1963 tum
279 1919 348 1962 csse
376 1919 436 1960 non
462 1918 550 1978 nego.
584 1899 639 1959 scd
664 1916 681 1957 c
702 1896 898 1971 coniecturis,
927 1915 1005 1976 quac
1034 1896 1106 1957 satis
1128 1899 1240 1960 multae
1261 1902 1299 1963 ab

189 2002 407 2084 interpretibus
437 2001 572 2082 prolatae
601 2003 672 2062 sunt
700 2003 733 2062 et
756 2000 903 2081 repetitae
931 2019 951 2062 a
980 2019 1029 2060 me
1053 2001 1086 2061 in
1107 2001 1298 2064 adnotatione

192 2107 313 2181 critica,
332 2107 454 2188 practer
477 2103 688 2179 Barthianam,
710 2123 787 2185 quae
810 2106 858 2164 ost
879 2109 900 2167 t.
913 2125 945 2186 p.
966 2107 1106 2166 maana
1124 2107 1195 2182 tenc,
1216 2107 1300 2168 nulla

190 2208 345 2290 placebat,
375 2207 444 2287 quia
473 2207 520 2268 his
549 2208 688 2294 versibus
717 2207 847 2268 animum
875 2205 1064 2288 Hypsipyles
1087 2207 1229 2268 Valerius
1257 2208 1301 2270 sic

192 2313 344 2374 adiectum
366 2310 539 2390 descripsit,
560 2313 596 2372 ut
618 2329 651 2371 se
673 2309 774 2390 potins
795 2309 935 2370 miseram
957 2309 1083 2370 haberet
1104 2312 1136 2370 ct
1157 2311 1301 2372 miserau-

192 2416 279 2490 dam,
311 2433 400 2494 quam
429 2416 554 2493 patrem.
577 2449 620 2457 -
647 2412 784 2474 111359
812 2432 897 2474 arcos
922 2415 1063 2494 corrupta
1091 2417 1138 2476 est
1159 2415 1301 2477 Vaticani

194 2517 359 2598 scriptura,
388 2535 442 2596 pro
463 2535 522 2597 qua
544 2520 641 2579 cretos
662 2516 733 2578 Itali
754 2517 959 2577 restituerunt
1000 2517 1031 2576 in
1054 2516 1205 2580 Carrionis
1225 2520 1301 2581 libro

193 2621 327 2703 pessime
347 2621 507 2700 legebatur
528 2641 617 2702 apros
637 2621 676 2683 od
692 2624 818 2702 patries.
853 2621 885 2681 in
906 2622 1011 2681 eodem
1030 2621 1106 2683 libro
1118 2643 1146 2684 v.
1163 2627 1223 2686 361
1241 2623 1301 2684 Va·

193 2725 313 2786 ticanus
334 2723 385 2803 qui
404 2724 496 2785 habet
515 2745 606 2806 aeque
627 2729 724 2805 acopis
747 2725 929 2805 depravatus
943 2728 1003 2799 est;
1024 2745 1041 2785 a
1060 2746 1117 2806 quo
1132 2727 1301 2789 testimonio

196 2828 278 2908 quod
290 2826 420 2888 Vossius
441 2827 544 2890 elicuit
564 2848 615 2890 ace
634 2847 708 2910 qaae
728 2831 826 2910 acopis
843 2827 936 2888 multo
949 2829 1119 2906 elegantius
1136 2837 1192 2905 est,
1213 2849 1303 2909 quam

196 2931 277 3011 qnod
304 2929 335 2990 in
357 2929 507 2992 (lanionis
536 2931 611 2991 libro
638 2931 696 2991 fuit
725 2933 756 2992 et
783 2931 814 2992 in
835 2931 1010 2992 Monacensi
1036 2951 1144 2994 manus
1171 2935 1325 2996 secunda.

195 3032 280 3094 dedit
309 3054 400 3114 aeque
427 3035 551 3115 anayade
592 3037 655 3096 599
684 3034 736 3095 ubi
754 3034 893 3114 ferrata,
925 3033 1126 3097 felicissimam
1147 3037 1304 3118 Baptistae

195 3135 242 3198 Pii
263 3135 472 3212 coniecturam,
490 3136 599 3216 recepi,
620 3156 637 3197 c
653 3137 782 3219 percule
802 3142 832 3214 (r
852 3157 923 3199 am.
935 3158 979 3218 pr.
999 3140 1196 3221 suparare),
1219 3139 1303 3200 Vati-

195 3239 263 3300 cani
283 3239 462 3317 testimonio,
480 3241 593 3322 pecata
615 3239 755 3302 effectum
777 3244 832 3302 est.
855 3277 897 3286 -—
919 3239 970 3300 ΙΠ
993 3240 1305 3304 traducianorum

194 3345 267 3424 qaia
291 3345 519 3424 perterrearis
545 3342 689 3404 Heinsius
716 3345 819 3406 elicuit
848 3363 865 3403 c
894 3346 1034 3425 corrupto
1057 3344 1197 3408 Vaticani
1220 3346 1305 3408 testi·

194 3443 310 3520 monio,
332 3445 411 3525 quod
431 3448 479 3506 cst
498 3445 599 3508 datiis
618 3449 739 3508 oemunt
760 3449 814 3528 qai
830 3450 954 3529 pectora
975 3449 1065 3508 caris.
1099 3445 1132 3507 in
1154 3445 1305 3510 Carrionis

193 3547 270 3609 libro
290 3548 448 3628 legebatur
470 3548 571 3612 dubiis
593 3551 703 3630 quibas
724 3552 818 3612 dama
833 3571 866 3632 p.
884 3571 924 3626 e.‚
946 3551 1024 3630 quod
1045 3570 1063 3612 a
1086 3551 1168 3612 nullo
1190 3553 1305 3614 editore
1400 3592 1407 3606 ·
1474 3635 1478 3642 .

194 3653 352 3732 receptum
382 3653 437 3714 est.
469 3653 501 3714 id
530 3651 610 3712 enim
638 3652 664 3712 si
684 3651 826 3713 Valerius
856 3652 1044 3733 scripsisset,
1075 3653 1106 3714 in
1133 3675 1226 3716 versu
1255 3635 1316 3736 qui⁸

195 3755 333 3835 sequitur
346 3755 402 3818 hoc
417 3757 504 3818 modo
526 3756 689 3818 orationem
704 3756 926 3818 continuasset:
949 3757 1108 3818 consulant
1123 3761 1154 3819 ct
1171 3759 1235 3819 sive
1252 3777 1305 3820 eos

194 3857 245 3922 via
274 3861 389 3937 urguet
423 3864 554 3940 pergant
584 3879 608 3921 e.
625 3881 651 3940 q.
670 3879 708 3919 s..
750 3858 887 3939 suspicor
916 3860 1052 3922 criticum
1081 3861 1226 3938 aliquem,
1258 3860 1306 3920 cui

193 3961 404 4024 intransitivus
424 3965 564 4027 venandi
583 3964 668 4024 verbi
690 3981 774 4038 usus,
796 3961 847 4042 qui
864 3963 963 4024 minus
984 3964 1125 4043 frequens
1142 3965 1199 4038 est,
1220 3963 1305 4041 igno-

194 4065 245 4125 tus
268 4067 343 4141 erat,
367 4067 555 4128 coniecturae
579 4067 659 4128 illius
685 4068 838 4128 auctorem
858 4085 935 4126 esse.
952 4101 993 4112 -
1017 4066 1064 4129 IV
1080 4068 1140 4126 175
1162 4067 1304 4145 corrupta

193 4171 267 4230 sunt
293 4189 369 4250 quac
390 4170 558 4232 Vaticanus
586 4169 707 4232 exhibet
735 4169 814 4231 dotet
840 4172 869 4232 et
888 4170 967 4232 dara
988 4171 1032 4228 a'e
1053 4187 1181 4249 perpere
1201 4171 1306 4244 meaa,

193 4291 293 4352 neque
317 4291 355 4334 ea
373 4291 465 4353 quam
489 4271 640 4333 Gari-ionis
660 4273 737 4334 liber
763 4271 902 4352 praebuit
922 4271 1072 4349 scriptura
1093 4267 1180 4332 dolor
1201 4274 1230 4332 et
1249 4271 1304 4334 da·
