3086 4968
632 459 721 499 CAPUT
735 459 768 500 11.
1184 459 1252 499 Lxrx

38 667 48 676 ·
145 629 320 708 discrepant
342 627 419 688 alter
440 625 478 686 ab
499 625 596 686 altero
616 625 771 687 amborum
789 626 952 707 scripturas
975 626 1054 702 1511,
1075 625 1248 688 Ottobonia·

144 751 216 794 num
237 732 270 793 P
284 731 386 792 littera
404 730 520 806 notans,
544 749 572 790 rr
586 730 765 791 Vaticanum
787 733 879 790 1613.
915 728 1038 790 dubium
1058 733 1160 790 autem
1179 749 1248 790 5555

143 856 204 899 555
223 837 341 917 potest,
364 831 435 913 quin
452 828 669 894 Ottobonianus
684 809 831 895 Vaticano
855 831 999 909 integrior
1021 833 1068 893 sit.
1107 835 1145 894 51
1168 834 1249 912 quod

144 940 287 1002 iudicium
307 933 541 998 confirmandum
560 935 670 996 sufficit
690 936 841 996 monuisse
862 935 893 995 in
915 935 989 996 libro
1011 937 1141 997 secundo
1162 957 1190 996 v.
1206 941 1247 998 32
1313 963 1321 990 t

144 1045 280 1105 oiro‘eetom
304 1039 447 1100 exhibere
465 1035 698 1100 Ottobonianum
717 1041 858 1100 invectam
872 1038 1061 1114 Vaticanum,
1084 1044 1143 1102 131
1166 1042 1249 1122 cupi·

144 1145 211 1207 1155
234 1140 335 1204 Ottob.
359 1139 484 1203 libaina
504 1138 592 1214 vat,
610 1143 671 1200 186
695 1144 808 1202 arrecta
830 1139 929 1202 Ottob.
953 1143 1089 1224 abreptae
1111 1142 1181 1204 Vat

249 1246 300 1307 Ad
321 1246 447 1306 alteram
469 1241 674 1322 quaestionem
704 1243 783 1323 quod
812 1243 937 1319 attinet,
966 1262 1043 1324 quae
1071 1246 1146 1307 ratio
1167 1245 1247 1308 inter

145 1349 374 1429 sangallensem
393 1343 597 1406 intercesserit
619 1348 651 1406 51
672 1345 850 1409 Vaticanum
872 1349 971 1422 3277,
992 1347 1031 1408 51
1052 1349 1108 1409 hoo
1127 1346 1246 1428 potissi·

126 1447 225 1515 'mum
243 1451 376 1513 animum
396 1449 472 1509 duco
494 1448 709 1509 attendendum
729 1469 813 1526 esse,
841 1452 920 1531 quod
948 1470 1025 1530 quae
1046 1451 1077 1512 15
1099 1450 1247 1512 Vaticano

143 1559 194 1619 illo
216 1559 288 1616 sunt
308 1555 433 1616 lacunae
462 1570 665 1632 versuumque
694 1553 899 1630 traiectiones,
928 1554 1053 1615 eaedem
1073 1556 1196 1616 fuerunt
1216 1553 1248 1616 in

145 1658 342 1738 sangallensi.
378 1655 549 1717 conseratur
566 1655 718 1716 adnotatio
740 1657 842 1718 critica
861 1658 900 1718 ad
921 1656 1005 1732 145,
1019 1661 1070 1732 56,
1086 1661 1159 1732 227,
1175 1660 1247 1732 303,

146 1765 218 1837 815,
242 1765 313 1823 823.
344 1759 379 1822 H
400 1763 473 1833 227,
495 1762 573 1832 271,
596 1762 676 1834 289,
696 1762 773 1834 318,
797 1764 874 1834 322,
894 1762 971 1837 535,
996 1761 1066 1821 565.
1099 1759 1190 1821 1119
1216 1762 1248 1820 51

146 1869 195 1943 10,
220 1869 275 1941 76,
300 1867 373 1938 298,
394 1866 463 1923 671.
499 1861 547 1922 IV
569 1865 619 1938 29,
642 1863 693 1938 65,
716 1866 789 1937 183,
812 1867 882 1924 195.
918 1863 1025 1924 151515
1046 1863 1073 1923 51
1094 1866 1247 1943 corrupt-

144 1970 188 2030 las
216 1987 292 2049 quas
318 1969 377 2028 duo
405 1965 449 2026 illi
479 1965 597 2026 codices
624 1984 795 2026 communes
822 1967 991 2027 habueruut
1012 1986 1115 2028 omnes
1137 1967 1248 2028 vellem

145 2071 280 2145 adferre,
307 2089 376 2130 cum
406 2069 569 2148 apparatus
601 2067 694 2128 critici
716 2087 804 2147 quem
823 2069 862 2129 51
884 2068 996 2148 primos
1016 2072 1079 2130 tres
1101 2070 1193 2132 libros
1215 2071 1249 2131 51

145 2175 242 2255 quarti
264 2173 419 2236 dimidium
439 2171 579 2250 congessi
599 2171 680 2232 haud
703 2171 816 2250 exigue
837 2190 907 2251 pars
929 2171 985 2232 hoc
1006 2171 1070 2232 loco
1083 2173 1248 2252 repetenda

145 2281 242 2353 55551,
270 2278 383 2358 aliquot
407 2297 517 2339 versus
542 2274 734 2354 significasse·
751 2273 824 2338 satis
845 2275 958 2349 habeo,
986 2275 1146 2355 inquibus
1168 2295 1245 2337 eom-

144 2381 243 2441 munio
268 2381 410 2441 vitiorum
430 2381 463 2441 15
485 2379 588 2460 primis
609 2376 810 2438 memorabilis
833 2379 895 2455 est,
924 2376 974 2455 qui
997 2377 1028 2436 hi
1050 2381 1135 2439 sunt:
1157 2380 1174 2441 I
1196 2381 1247 2454 38,

147 2488 194 2562 95,
217 2477 291 2559 113,
314 2487 385 2559 249,
405 2487 477 2559 252,
501 2487 574 2558 310,
595 2486 669 2556 327,
691 2486 768 2559 331,
794 2485 867 2555 342,
889 2483 962 2555 357,
985 2481 1058 2555 474,
1080 2483 1151 2560 593,
1176 2485 1249 2557 605,

147 2589 215 2646 721.
249 2585 283 2646 Π
308 2590 384 2662 139,
410 2587 486 2659 148,
508 2587 587 2662 202,
608 2589 687 2662 267,
711 2591 773 2647 289
795 2585 852 2646 alii.
889 2584 939 2665 qui
961 2584 1099 2646 Vaticani
1121 2587 1153 2646 et
1174 2583 1247 2646 San·

144 2689 289 2768 gallensis
313 2689 344 2748 in
366 2688 412 2748 his
435 2687 574 2748 versibus
598 2689 769 2750 testimonia
792 2689 872 2750 inter
893 2689 1178 2767 se'oomparaverit,
1201 2707 1248 2748 ar·

143 2791 260 2851 tissima
297 2790 475 2870 cognatione
504 2809 556 2851 555
591 2793 708 2853 5511555
737 2793 909 2854 5551555155
937 2811 1005 2852 5555
1032 2790 1160 2864 videbit3
1193 2791 1248 2852 sed

143 2893 264 2972 longius
287 2893 377 2954 etiam
398 2894 618 2975 procedendum
641 2897 703 2968 est3
730 2915 800 2955 nam
821 2893 1048 2974 sangallensem
1068 2895 1247 2957 eVatioano

143 2996 357 3077 transcriptum
392 3017 461 3058 esse
491 3017 548 3078 quo
582 2998 726 3078 probetur
758 2999 957 3060 certissimum
983 3003 1193 3078 argumentum
1216 2999 1247 3058 in

143 3107 284 3182 promptu
312 3105 367 3163 551.
407 3119 475 3162 cum
502 3100 582 3161 enim
608 3100 676 3161 libri
705 3100 830 3161 secundi
856 3119 965 3160 versus
994 3105 1055 3162 213
1069 3105 1178 3161 -242
1200 3100 1247 3161 115

144 3206 247 3285 scripti
268 3205 329 3265 sint
356 3206 387 3265 in
407 3203 571 3281 Vaticano,
600 3223 708 3264 versus
731 3206 812 3278 240,
840 3202 891 3282 qui
918 3203 949 3263 in
978 3204 1078 3282 priore
1099 3203 1248 3283 scriptura

144 3309 273 3369 omissus
298 3311 346 3369 551
371 3307 484 3386 legitur
505 3306 535 3366 in
562 3305 675 3381 altera,
706 3305 738 3365 in
763 3305 899 3365 omnibus
930 3305 1016 3365 15551
1039 3304 1245 3385 sangallensis

143 3411 340 3492 apographa,
372 3414 476 3471 contra
506 3409 610 3470 habuit
638 3407 844 3487 Sangallensis
872 3428 940 3498 cum
967 3407 1066 3488 priore
1097 3409 1246 3490 scriptura

143 3517 284 3578 Vaticani
294 3535 417 3577 versum
432 3519 504 3602 241,
524 3532 611 3592 quem
623 3512 733 3573 omittit
743 3512 846 3573 altera
870 3513 1027 3592 praeterea
1040 3534 1068 3574 v.
1083 3517 1145 3575 237
1161 3512 1246 3575 Otto-

142 3621 288 3682 bonianus
309 3623 341 3681 et
359 3618 525 3679 Vaticanus
546 3619 630 3677 1613
653 3633 720 3674 cum
740 3613 783 3676 Va
803 3615 946 3676 exhibent
965 3637 1110 3699 properea
1130 3619 1158 3678 51
1181 3637 1249 3678 eum

137 3745 266 3806 propere
284 3721 336 3785 5551
354 3723 436 3782 recte
455 3721 564 3782 habeat
586 3717 645 3793 Va,
660 3719 691 3776 51
711 3735 738 3776 V.
751 3720 813 3778 239
825 3718 951 3796 furoris
969 3721 1048 3800 quod
1066 3720 1182 3782 Valerii
1200 3721 1248 3780 551

143 3828 255 3905 legitur
264 3828 296 3887 in
308 3825 357 3890 Va
368 3844 434 3885 cum
440 3822 582 3902 furorem
595 3822 757 3883 exhibeant
771 3819 851 3885 VeP.
873 3822 1014 3884 nimirum
1026 3825 1052 3884 is
1062 3824 1113 3904 qui
1121 3822 1247 3900 Sangal-

142 3930 257 3990 lensem
272 3928 411 3990 exaravit
426 3926 521 3987 noluit
535 3925 659 3986 alteram
681 3924 861 4003 scripturam
875 3943 1048 4005 comparare
1061 3926 1247 4006 cumprime,

21 4061 22 4076 ¹
142 4033 197 4092 551
212 4033 291 4092 hano
306 4029 532 4110 transcripsisse
554 4027 627 4088 satis
646 4027 757 4086 habuit.
791 4028 866 4088 haec
879 4029 917 4088 15
932 4027 1122 4107 sangallensi
1135 4029 1210 4088 libro
1227 4047 1245 4087 5

142 4135 289 4196 Vaticano
311 4137 395 4196 3277
418 4131 597 4212 transcripto
619 4131 768 4191 sententia
786 4149 822 4190 eo
846 4150 905 4192 non
929 4131 1138 4205 labefactatur,
1167 4131 1246 4210 quod

141 4237 220 4298 inter
234 4235 302 4301 Vet
312 4234 527 4313 Paliquotieus
541 4233 630 4294 etiam
646 4233 793 4294 dissensio
808 4235 863 4294 est.
886 4253 923 4294 55
935 4233 1013 4293 enim
1027 4237 1080 4294 551
1091 4234 1248 4296 doctorum

140 4340 287 4401 Italorum
309 4337 486 4400 coniecturis
508 4336 540 4397 in
555 4334 587 4398 P
602 4336 732 4417 receptis
751 4336 927 4418 explicatum,
948 4334 1043 4396 veluti
1058 4335 1074 4396 Ι
1088 4338 1161 4412 205,
1175 4341 1246 4414 219,
