3132 4968
599 428 821 470 sucosavrrcort
840 429 926 470 emen
940 431 959 470 r.
1310 409 1335 476 5*

310 581 461 642 armisona
485 583 610 662 superet
627 584 724 662 magis
748 586 780 644 et
801 585 880 645 sreta
900 584 984 644 iussa
1005 587 1153 662 capessat,

309 684 396 763 siqua
417 685 516 764 operis
537 684 614 746 tauti
635 686 747 748 domito
769 705 952 766 consurgere
975 690 1066 767 ponto
1286 675 1326 747 75

306 790 390 850 sama
409 788 519 868 queat?
542 789 576 848 tu
599 790 662 850 sola
683 789 797 850 animos
817 793 992 870 mentesque
1013 791 1140 868 peruris,

306 890 425 954 Gloria!
448 893 480 950 te
500 889 625 950 viridem
644 891 728 953 videt
746 893 967 972 immunemque
988 895 1128 952 senectae

306 994 444 1055 Phasidis
465 993 497 1052 in
518 991 584 1073 ripa
606 996 736 1056 stantem
756 997 942 1077 iuvenesque
963 983 1128 1057 vocantem.

306 1098 427 1158 tandem
449 1095 539 1157 animi
559 1096 706 1159 incertum
727 1100 908 1180 confusaque
928 1100 1052 1179 pectora
1071 1098 1171 1162 firmat

305 1201 427 1280 religio,
450 1201 637 1279 tendensque
657 1202 723 1282 pias
743 1204 782 1263 ad
804 1202 905 1264 sidera
924 1204 1048 1284 palmas,
1280 1207 1322 1264 80

300 1296 501 1385 ‘omnipotens
524 1297 649 1382 regina,’
673 1304 770 1386 inquit
786 1297 903 1385 ‘quam‚
924 1307 1061 1368 turbidus
1081 1307 1146 1367 atro
1228 1317 1237 1332 ·

304 1409 426 1468 aethere
447 1407 618 1468 caemrleum
642 1410 782 1488 quateret
798 1428 867 1469 cum
887 1407 1025 1490 Iuppiter
1046 1409 1180 1486 imbrem,

302 1491 368 1591 ipse
391 1530 449 1594 ego
472 1510 627 1592 praecipiti
648 1511 795 1572 tumidum
816 1531 871 1590 per
892 1511 1010 1592 Enipea
1031 1513 1130 1573 nimbo

302 1615 333 1675 iu
354 1632 475 1693 campos
495 1617 528 1676 et
549 1617 617 1676 tuta
639 1614 695 1675 tuli
715 1633 772 1675 nee
791 1614 914 1674 credere
933 1614 1015 1696 quivi

302 1719 372 1778 ante
389 1715 493 1794 deam,
512 1737 600 1799 quam
622 1721 654 1780 tc
675 1717 788 1778 tonitru
808 1720 942 1796 nutuque
963 1719 1079 1798 reposci
1223 1739 1225 1744 ’
1275 1724 1316 1783 85

219 1873 221 1877 ,
301 1805 437 1900 coniugis
460 1821 491 1882 et
513 1821 612 1882 subita
629 1822 746 1900 raptam
764 1819 922 1882 formidine
942 1822 1014 1897 ridi,

300 1925 339 1986 de
361 1923 515 2006 Scythiam
534 1923 713 2004 Phasimque
734 1923 819 1998 mihi3
842 1926 950 2004 tuque,
970 1925 1082 1986 innuba
1103 1924 1211 2005 Pallas,

299 2028 382 2108 eripe
403 2047 459 2088 me.
505 2025 616 2088 vestris
638 2028 761 2104 egomet
780 2029 845 2088 tmn
867 2029 982 2091 vellera
1001 2030 1120 2111 templis

298 2133 350 2192 illa
367 2132 458 2204 dabo;
480 2131 564 2192 dabit
583 2129 697 2191 auratis
718 2131 750 2190 et
771 2129 910 2190 comibus
931 2131 995 2210 igni

298 2235 375 2296 colla
395 2236 482 2315 pater
508 2232 647 2313 niveique
670 2252 782 2312 greges
804 2232 911 2294 altaria
930 2227 1067 2314 cingent?
1273 2238 1316 2297 90

362 2367 516 2447 Accepere
537 2366 613 2426 deae
641 2365 789 2445 celerique
810 2385 865 2447 per
885 2367 1008 2427 aethera
1029 2368 1118 2447 lapsu

297 2469 433 2530 diuersas
456 2470 570 2550 petiere
592 2467 667 2529 vias.
710 2469 742 2529 in
762 2465 879 2530 moenia
899 2471 1007 2550 pernix

297 2573 464 2654 Thespiaca
487 2573 526 2633 ad
546 2592 649 2633 carum
671 2572 807 2634 Tritonia
828 2573 949 2634 devolat
970 2574 1096 2653 Argum.

295 2676 392 2738 moliri
413 2677 493 2737 hunc
513 2695 646 2756 puppem
667 2675 750 2736 iub'et
770 2679 802 2737 et
823 2676 982 2736 demittere
1003 2677 1082 2736 ferro

294 2782 404 2841 robora
422 2779 608 2840 Peliacas-et
628 2779 688 2839 iam
707 2798 807 2840 comes
830 2779 894 2840 exit
914 2779 945 2839 in
967 2781 1096 2840 umbras,
1271 2784 1311 2843 95

294 2887 326 2944 at
346 2882 423 2944 quo
445 2881 603 2960 Argolicas
624 2883 737 2962 pariter
755 2870 966 2961 Macetumque
988 2901 1044 2962 per
1067 2883 1159 2942 urbes

295 2985 427 3067 spargit,
450 2987 625 3066 inexpertos
647 2986 794 3066 temptare
816 2984 991 3064 parentibus
1010 2986 1129 3045 austros

312 3235 344 3279 74
363 3227 436 3278 duret
453 3227 581 3276 menaea
621 3226 682 3273 idem
703 3239 756 3272 eam
779 3225 807 3271 in
831 3223 922 3280 dectus
946 3236 1005 3268 oceo.
1026 3221 1080 3271 XV
1098 3226 1169 3274 libris
1181 3241 1230 3286 pro
1248 3226 1313 3277 freta

205 3316 337 3364 invenisset
360 3312 414 3363 iera
440 3303 569 3360 coniciebdt
596 3312 699 3374 superet
720 3308 800 3357 maria
825 3311 851 3356 et
874 3306 928 3357 iera
945 3306 963 3355 i.
982 3321 1002 3354 c.
1074 3313 1103 3358 76
1129 3312 1157 3358 tu
1173 3337 1207 3346 -
1223 3310 1313 3364 Gloria

204 3404 274 3452 habet
291 3403 424 3458 Bardaicus
445 3401 510 3448 7647
572 3399 716 3458 mentesque
747 3393 845 3443 Paria:
869 3395 1025 3455 mentemque
1039 3393 1107 3442 'VPc
1188 3400 1219 3445 78
1240 3395 1311 3458 ripas

204 3488 240 3537 Μ
284 3487 391 3534 stantem
409 3465 476 3533 IIP:
497 3483 602 3530 stentem
623 3481 649 3530 V
716 3483 746 3529 79
766 3477 949 3540 incoeptumO
1016 3481 1049 3527 80
1066 3476 1168 3541 Religio
1187 3481 1232 3529 M:
1250 3477 1310 3531 Rei·

180 3567 268 3636 'ligio
290 3571 358 3622 VPm
428 3573 459 3620 82
482 3566 592 3616 Aethera
616 3565 658 3612 Cm
726 3561 868 3612 caeruleum
891 3562 939 3610 M:
963 3560 1105 3610 cerulaeum
1130 3564 1160 3625 V,
1185 3563 1311 3617 eandoem

203 3661 229 3709 P
292 3656 372 3705 imbre
391 3655 443 3704 CM
516 3649 609 3714 aegida
626 3646 766 3698 caeruleam
784 3661 807 3710 q.
825 3661 847 3695 c.
865 3643 886 3694 Ι.
906 3646 986 3696 imbre
1004 3647 1131 3698 Heinsius.
1170 3649 1309 3700 Peerlkam-

198 3745 299 3806 parad
318 3743 392 3806 Verq.
413 3741 476 3789 Aen.
496 3735 562 3787 VIII
580 3741 630 3787 354
649 3737 670 3785 0
687 3735 797 3794 requitur
875 3735 907 3782 ’88
925 3737 978 3783 tum
994 3737 1033 3786 P:
1049 3737 1109 3784 tunc
1130 3737 1155 3788 V
1222 3741 1254 3786 89
1274 3733 1310 3800 et]

202 3844 248 3877 sua
264 3829 392 3878 Heinsius.
430 3827 492 3873 idem
510 3823 610 3872 coniecit
629 3822 652 3872 d
671 3824 761 3871 aurato
778 3818 926 3883 praesignia
943 3834 1022 3869 cornu
1039 3836 1060 3870 c.
1078 3835 1105 3884 p.
1183 3825 1215 3869 99
1235 3818 1309 3870 Colla

202 3915 249 3963 H:
266 3912 342 3963 Colca
363 3911 393 3970 V,
413 3907 508 3959 Colcha
525 3911 550 3958 P
598 3906 706 3970 ,tingant
724 3921 776 3954 cum
791 3905 900 3952 Gerardo
924 3905 1011 3955 Vosa'o
1028 3905 1149 3955 malaue
1208 3909 1239 3956 91
1258 3906 1308 3954 Ac-

201 4065 290 4118 cepere
308 4051 419 4102 MPVm.
439 4061 504 4096 oea:
520 4045 644 4110 Accipere
666 4047 692 4095 V
741 4043 881 4108 caeleriqne
899 4045 923 4094 P
988 4049 1022 4093 92
1041 4001 1158 4108 ρεῐίἑθῐῖ
1225 4048 1257 4092 99
1276 4042 1309 4092 ad

178 4143 237 4239 ¹0:
258 4193 282 4239 et
304 4191 351 4239 VP
417 4143 492 4250 argum
516 4186 542 4234 V
626 4186 659 4231 94
682 4180 808 4231 dimittere
832 4183 857 4231 P
877 4179 1019 4244 (demittere
1044 4196 1106 4229 corr.
1127 4197 1157 4228 m.
1180 4179 1239 4246 sec.)

201 4272 520 4326 cameracorensem:
544 4267 625 4316 undas
647 4269 712 4318 Vre*
795 4272 827 4316 96
848 4265 1024 4330 macedumque
1042 4268 1154 4320 911799.ι
1172 4281 1218 4316 ace.

201 4367 233 4412 97
251 4363 349 4411 tentare
365 4361 411 4412 Pm
479 4358 579 4410 metros
597 4354 631 4403 a!
643 4351 753 4418 (amtros
771 4363 834 4400 corr.
854 4347 887 4414 m)
