3110 4972
693 449 717 489 0.
732 447 838 489 vunan
852 447 951 488 FLACCI

353 605 409 665 hoc
429 603 643 683 volucrumque
663 601 762 663 minae
784 619 991 682 praesagaque
1010 598 1134 664 fulmina
1153 599 1244 680 longo

354 711 421 769 acia
440 707 515 767 mari
538 707 694 767 inderent'
722 705 776 765 sed
798 704 864 784 quis
886 724 946 766 non
963 705 1059 786 prima
1080 705 1200 766 refellat
1308 707 1371 767 355

355 813 490 872 monstra
513 809 603 870 deum
625 810 791 890 longosque
814 808 951 870 sibinen
973 812 1102 888 auguret
1122 810 1237 870 annos?

355 917 473 997 iamque
498 914 615 975 solutus
635 915 729 976 honos
751 913 859 988 cineri,
880 912 939 973 iam
960 912 1099 994 passibus
1121 911 1223 991 aegris

354 1020 490 1100 dilapsae
511 1037 578 1080 cum
601 1017 685 1099 prole
708 1037 822 1094 nisus,
842 1018 1021 1096 tandemque
1044 1016 1203 1094 quiescunt

354 1123 477 1184 dissona
499 1120 638 1202 pervigili
660 1121 782 1202 planctu
801 1121 896 1198 rada3
919 1120 1047 1201 qualiter
1069 1123 1167 1181 arctos

355 1226 393 1286 ad
414 1225 528 1306 patrias
551 1225 658 1285 avibus
675 1224 773 1302 medio
794 1225 854 1286 iam
876 1244 950 1288 vere
970 1223 1099 1286 revectis
1309 1226 1374 1284 360
1400 1205 1402 1210 ’

355 1329 505 1411 Memphis
524 1330 556 1389 et
578 1328 670 1410 aprici
693 1329 782 1390 static
804 1329 873 1390 silet
895 1347 994 1390 annua
1015 1327 1085 1391 Nili.

223 1455 226 1468 '
334 1481 342 1498 ·
422 1446 465 1508 At
485 1463 545 1506 non
564 1444 633 1505 inde
655 1444 720 1505 dies
742 1464 798 1506 nec
819 1465 896 1526 quae
918 1446 1016 1525 magis
1037 1463 1146 1525 aspera
1165 1425 1245 1506 curis

356 1573 418 1614 nox
440 1551 561 1630 Minyas
582 1550 667 1610 tenta
687 1568 844 1611 caesorum
866 1550 903 1611 ab
927 1548 1058 1628 imagine
1082 1548 1180 1610 solvit

357 1656 404 1718 bis
425 1652 550 1736 zephyri
569 1653 629 1714 iam
648 1653 717 1716 vela
738 1656 862 1733 vocant,
884 1651 993 1713 fiducia
1013 1650 1137 1712 maestis
1324 1721 1326 1724 y

356 1759 439 1821 nulla
461 1758 547 1834 viris3
571 1777 665 1838 aegra
686 1757 811 1820 adsiduo
832 1775 917 1818 mens
939 1755 1071 1836 carpitur
1092 1756 1188 1832 aestu,
1311 1759 1374 1819 365

357 1863 484 1925 necdum
508 1881 611 1924 omnes
630 1861 768 1923 lacrimas
790 1859 886 1940 adque
909 1858 1007 1920 omnia
1028 1857 1146 1919 reddita
1167 1859 1262 1920 caesis

356 1967 436 2028 insta
456 1967 578 2046 putant;
597 1963 696 2044 patria
717 1983 758 2024 ex
781 1963 875 2024 oculis
896 1980 1024 2043 acerque
1046 1963 1181 2024 laborum

356 2070 463 2152 pulsus
486 2086 570 2131 amor
590 2067 735 2148 segnique
757 2066 841 2128 iuvat
861 2065 1024 2145 frigescere
1045 2066 1108 2128 luct
1130 2111 1136 2126 .

355 2175 421 2255 ipse
441 2171 532 2233 etiam
546 2169 732 2246 Aesonides,
753 2187 932 2250 quamquam
953 2169 1125 2232 tristissima
1143 2188 1244 2230 rerum

355 2274 532 2356 castiganda
552 2273 621 2335 duci
641 2275 788 2356 uultuque
810 2273 974 2357 premenda
995 2291 1113 2350 sereno,
1311 2274 1376 2332 370

355 2378 492 2442 dulcibus
513 2376 651 2457 indulget
671 2379 801 2440 lacrimis
820 2379 975 2460 aperitque
995 2375 1135 2439 dolorem.

354 2487 419 2545 tum
439 2483 555 2545 secreta
575 2482 700 2543 trahens
719 2480 890 2544 Phoebeum
912 2482 952 2543 ad
973 2480 1061 2542 litora
1080 2479 1221 2561 Mopsum

350 2577 518 2665 ‘quaenam’
539 2585 583 2647 ait
598 2576 671 2647 ‘iste
691 2586 772 2666 lues,
794 2589 848 2647 aut
870 2604 947 2667 qnae
968 2586 1117 2647 sententia
1137 2585 1260 2648 divum?

355 2690 535 2750 decretusne
557 2689 641 2749 venit
661 2689 721 2751 lato
744 2690 858 2770 pavor?
882 2709 921 2751 au
944 2688 1000 2750 sibi
1022 2691 1147 2751 nectunt

357 2794 448 2856 corda
468 2794 587 2855 moras?
610 2811 663 2854 cur
684 2791 873 2854 immemores
894 2792 1049 2875 famaeque
1071 2792 1202 2875 larisque
1309 2796 1373 2855 375

355 2896 510 2977 angimur?
538 2898 591 2959 aut
611 2896 708 2977 pariet
730 2914 888 2977 quemnam
907 2896 981 2958 haec
1000 2895 1123 2976 ignavia
1143 2889 1263 2958 finem?

415 3006 539 3076 ‘Dicam'
561 3015 604 3076 ait
620 3007 669 3076 ‘ac
691 3012 812 3095 penitus
834 3009 942 3074 causas
964 3013 1121 3092 labemque
1145 3005 1264 3074 docebo’

353 3117 495 3199 Mopsus,
512 3118 544 3178 et
564 3101 646 3180 eitra
664 3119 753 3178 tuens
771 3109 844 3178 tnon
865 3117 890 3180 si
910 3117 1049 3180 mortalia
1066 3116 1200 3178 membra

373 3364 423 3410 354
443 3373 546 3427 myneae
566 3359 590 3408 P
606 3357 698 3424 (minae
719 3375 781 3410 essu.
802 3375 834 3410 m.
850 3358 906 3426 pr.)
1012 3363 1061 3410 355
1081 3359 1148 3410 iacta
1164 3359 1286 3408 Heinsius

268 3450 317 3497 359
334 3446 395 3510 iuga
412 3447 492 3507 Bon,
520 3460 586 3510 vaga
603 3446 663 3495 Are.
764 3448 848 3496 arctos
868 3456 904 3512 sp:
935 3460 1008 3496 arcos
1031 3447 1061 3506 V,
1092 3448 1161 3496 artos
1181 3446 1219 3507 P,
1250 3461 1321 3496 arces
1339 3461 1371 3508 m,

266 3534 383 3596 agrcscr
483 3537 533 3582 360
552 3531 689 3597 pal-riost)
790 3536 839 3583 361
858 3531 974 3584 stacioV
1041 3531 1099 3582 silet
1111 3534 1177 3582 MP:
1196 3531 1314 3584 silicetV

265 3615 324 3665 nilis
346 3617 372 3668 V
462 3623 512 3669 362
531 3618 601 3683 quies
619 3618 739 3667 Heinsius
807 3631 853 3666 nec
872 3631 933 3681 quae
951 3617 1033 3680 magis
1049 3618 1170 3668 Vossius:
1190 3633 1271 3683 neque
1288 3617 1370 3682 magis

269 3701 299 3760 V,
325 3715 357 3750 ne
377 3717 439 3766 quae
457 3703 539 3767 magis
554 3706 590 3765 P,
619 3718 698 3768 neque
717 3701 815 3766 magnis
833 3702 890 3759 Um,
922 3716 1001 3766 neque
1020 3701 1070 3751 iam
1096 3705 1219 3770 magistu
1249 3705 1371 3765 probante

263 3787 419 3848 Bursauone,
438 3804 517 3855 neque
535 3789 652 3840 inanibus
669 3789 789 3838 Heinsius
862 3789 912 3836 363
933 3785 1030 3853 minyas
1048 3788 1094 3837 M:
1122 3790 1237 3840 minimas
1258 3790 1304 3841 VP

263 3887 393 3924 caesorum
411 3875 490 3926 Aius
506 3875 632 3926 laesorum
650 3877 706 3936 Vc,
723 3873 833 3923 lescrum
850 3873 875 3920 P
941 3875 991 3922 365
1010 3886 1088 3936 aegra
1107 3875 1212 3926 adsiduo
1231 3878 1370 3926 Heinsius:

263 3973 341 4026 aegro
359 3957 462 4009 adsidue
474 3962 504 4022 V,
524 3977 586 4026 egro
599 3961 698 4011 assidue
710 3961 735 4009 P
784 3960 813 4006 in
824 3958 938 4006 Parisino
956 3962 1022 4009 7647
1041 3960 1157 4024 leguntur
1173 3961 1265 4013 fiducia
1282 3961 1369 4020 mestis

262 4043 341 4097 Nulla
360 4044 456 4096 animis.
492 4061 567 4110 egros
586 4045 684 4096 assidue
701 4059 771 4094 meus
790 4043 904 4109 crupitur
921 4041 977 4106 igni
1069 4047 1120 4094 367
1138 4043 1208 4094 Iusta
1226 4048 1259 4096 Μ
1261 4061 1270 4096 .·
1295 4046 1370 4097 quta

265 4119 314 4183 '1⁷1’
385 4132 483 4198 patriae
502 4134 623 4182 Heinsius
692 4144 798 4195 acerque
815 4129 850 4179 C:
872 4143 990 4194 sacerque
1013 4130 1071 4189 VP,
1095 4144 1167 4180 sacer
1185 4133 1298 4196 atquem

262 4220 312 4268 373
331 4217 445 4282 phoebus
464 4220 497 4268 M
599 4222 649 4269 374
667 4217 836 4280 Decretumque
853 4231 885 4265 ne
907 4217 940 4264 H
959 4213 1001 4281 (ne
1024 4217 1071 4265 dei.
1092 4214 1127 4280 m)
1194 4215 1267 4266 labor
1287 4219 1367 4268 Hein-

263 4304 315 4351 sius
384 4305 433 4355 sibi
451 4307 529 4356 Pius:
544 4304 661 4356 tibiVPe
744 4307 795 4353 375
813 4317 859 4353 cur
877 4317 929 4352 sne:
950 4316 1006 4351 cum
1028 4302 1058 4362 V,
1087 4316 1164 4366 quom
1181 4303 1217 4362 P,
1242 4315 1299 4352 cum
1316 4303 1368 4352 ism
1412 4327 1416 4341 ι

260 4387 340 4447 Bon,
365 4404 410 4438 cur
426 4388 477 4439 iam
494 4392 553 4440 Aia.
590 4393 640 4440 376
658 4403 764 4453 quonam
781 4389 806 4438 P
