3110 4972
659 419 682 458 Ο.
702 419 809 460 venum
825 419 923 460 mccl

325 575 425 636 nullue
446 573 514 634 ideo
533 574 637 655 pestes
655 592 711 635 nec
729 574 848 635 luctifer
867 574 991 654 ingruet
1012 593 1119 650 annus,

324 697 381 739 nec
403 677 507 758 populi
527 676 661 740 nostrive
681 679 767 740 luant
788 697 824 738 ea
845 678 924 740 sacta
943 671 1091 739 minores?
1279 683 1341 744 455
1371 733 1376 742 .

325 781 459 855 dixerat,
481 783 513 842 et
534 799 666 842 summas
688 782 894 844 frondentibus
915 782 1017 844 intulit
1036 783 1098 844 aris

225 951 230 961 x
326 884 489 963 libavitque
510 883 623 965 dapes,
639 885 748 966 placidi
770 904 845 965 ques
865 886 1002 967 protinus
1026 905 1150 966 angues,

326 989 498 1050 umbrarum
520 987 636 1066 1010011,
658 988 770 1069 linguis
792 1008 920 1070 rapuere
944 990 1083 1052 coruscis.

390 1119 538 1183 Continuo
557 1141 690 1202 puppem
711 1125 816 1204 petere
838 1125 870 1184 et
894 1124 1050 1186 considere
1072 1123 1214 1186 transtris

324 1227 453 1309 imperat
475 1223 659 1306 Ampycides
681 1246 737 1288 nec
758 1227 858 1289 visum
878 1229 999 1289 vertere
1021 1231 1135 1290 terrae:
1281 1231 1346 1290 460

327 1329 494 1394 exciderint
515 1347 592 1409 quae
613 1331 702 1408 gesta
723 1349 829 1410 manu,
851 1349 928 1410 quae
947 1329 1048 1391 debite
1065 1331 1143 1392 fetis.

327 1436 371 1498 illi
392 1435 506 1496 alacres
526 1449 597 1513 pars
621 1451 703 1495 arma
724 1433 825 1495 locant
845 1453 916 1516 pars
939 1435 1032 1496 ardua
1055 1435 1145 1496 celsis

327 1537 499 1601 insternunt
522 1536 656 1597 tabulata
678 1537 751 1598 toris
774 1538 928 1619 oriturque
949 1539 1130 1600 trementum

327 1660 478 1705 remorum
499 1657 591 1700 sonus
612 1640 644 1700 et
665 1639 763 1701 laetae
785 1642 943 1704 concordia
965 1643 1056 1704 vocis.

327 1746 465 1828 Iuppiter
486 1746 666 1824 unguentum
688 1765 743 1806 ceu
766 1765 883 1808 summa
905 1744 1054 1808 Ceraunia
1076 1749 1185 1808 nubem
1284 1751 1347 1810 465

328 1870 395 1911 cum
415 1849 532 1930 pepulit
554 1849 707 1930 movitque
732 1850 829 1930 iugis,
851 1851 964 1912 fulsere
985 1853 1110 1931 repente

331 1957 363 2015 et
381 1972 504 2015 nemora
525 1956 556 2015 et
579 1953 693 2035 scopuli
715 1954 887 2034 nitidusque
909 1951 1063 2014 reducitur
1085 1956 1203 2030 aether;

331 2058 374 2119 sio
397 2057 486 2118 animi
507 2057 625 2119 rediere
648 2058 735 2138 viris,
758 2059 877 2139 iamque
901 2058 967 2138 ipse
989 2059 1135 2138 magister

332 2164 421 2224 nutat
442 2162 480 2224 ab
503 2180 571 2223 arce
593 2161 683 2242 ratis,
706 2163 857 2244 remisque
879 2161 1026 2224 obsistere
1048 2164 1151 2225 tendit.

330 2269 501 2330 instaurant
520 2267 608 2348 primi
630 2268 794 2329 certamina
814 2267 889 2328 liber
910 2265 1021 2328 amictu
1289 2270 1354 2328 470

332 2372 470 2452 Eurytus
493 2373 524 2452 et
545 2371 632 2433 dictis
655 2371 740 2434 Talai
762 2391 821 2431 uon
844 2370 968 2432 territus
991 2369 1078 2445 Idas3

334 2476 404 2538 inde
427 2475 476 2536 alii
497 2475 676 2557 increpitant
698 2475 795 2554 adque
817 2493 947 2554 aequora
967 2476 1089 2555 pectore
1107 2474 1223 2535 tollunt.

334 2553 391 2661 piu
410 2578 525 2658 gemitu
547 2581 696 2661 pulsuque
717 2580 815 2657 labor,
838 2597 1019 2658 versumque
1042 2576 1173 2638 vicissim

335 2682 464 2743 mittitur
484 2681 515 2743 in
536 2703 666 2765 puppem
685 2703 768 2746 remo
791 2701 882 2744 mare.
925 2682 1025 2742 laetus
1048 2682 1079 2742 et
1100 2681 1166 2763 ipse

336 2786 458 2847 Alcides
476 2777 625 2865 ‘quisnam
645 2787 700 2848 hos
723 2789 812 2847 vocat
833 2786 864 2846 in
886 2784 1049 2846 certamina
1070 2778 1213 2846 fluctus?’
1290 2785 1354 2845 475

330 2890 420 2966 dixit,
443 2892 477 2951 et
499 2889 618 2950 intortis
640 2890 809 2970 adsurgens
832 2889 946 2951 arduus
968 2888 1056 2950 undis

353 3199 404 3247 454
421 3193 483 3244 adeo
503 3195 624 3244 Heinsius
698 3196 802 3261 ingruat
819 3209 860 3245 m:
884 3193 1004 3258 ingrauat
1026 3192 1074 3242 VP
1173 3195 1224 3244 455
1243 3191 1356 3242 00010100

249 3284 322 3334 luent
339 3297 369 3332 00
390 3283 448 3331 Cm:
471 3279 553 3330 nostri
571 3281 613 3331 uel
631 3283 705 3332 entes
726 3284 774 3334 VP
893 3285 942 3331 457
961 3275 1113 3342 Libabitque
1133 3277 1209 3328 debes
1232 3280 1257 3328 V

249 3373 299 3419 459
324 3382 417 3432 pnpem
439 3370 465 3418 V
548 3371 598 3417 460
623 3366 751 3420 advertere
769 3370 889 3418 Heinsius
974 3367 1024 3415 461
1044 3363 1193 3415 Exciderint
1217 3365 1358 3428 quaegesta

248 3469 325 3504 mauu
334 3470 355 3503 e.
372 3469 395 3515 q.
413 3471 433 3504 s.
447 3455 524 3512 Pius,
543 3451 693 3502 Exciderint
707 3468 756 3518 quo
770 3457 842 3518 gestu
856 3469 948 3517 mauu,
969 3467 1014 3501 000
1028 3449 1114 3501 debite
1127 3447 1356 3500 101101101Εο01ᾶο-

248 3540 301 3591 rint
319 3556 367 3605 qua
387 3556 412 3605 g.
429 3556 476 3602 m.,
510 3554 558 3605 que
576 3538 633 3588 (1.1.
652 3541 787 3600 Heinsius,
810 3539 964 3591 Exciderent
980 3553 1029 3603 quo
1048 3553 1073 3602 g.
1091 3537 1188 3602 auimo,
1218 3551 1281 3602 quae
1298 3535 1321 3584 d.
1341 3533 1357 3584 1.

250 3627 500 3688 eorumeorurn.
518 3629 581 3689 173,
600 3625 748 3678 Excideriut
764 3643 795 3677 ne
814 3629 887 3691 gestu
903 3640 979 3675 mauu
998 3639 1061 3690 qnae
1072 3623 1157 3674 debite
1176 3621 1235 3673 10110
1247 3625 1357 3684 Eyssen·

250 3713 363 3762 lurdtius
376 3713 392 3761 1.
407 3713 424 3762 l.
438 3729 466 3774 p.
477 3717 535 3763 386.
546 3714 663 3762 librorum
676 3712 822 3776 sumpturam
834 3721 899 3763 reete
911 3716 1088 3775 interpretatus
1099 3721 1137 3762 est
1149 3713 1307 3761 Burmannus

251 3803 301 3848 462
319 3797 394 3847 001010
413 3800 448 3848 0.·
465 3815 509 3848 oen.
523 3799 579 3859 VP,
598 3797 700 3848 summis
711 3800 765 3864 Μψ
852 3804 902 3850 463
920 3797 983 3848 soris
1004 3813 1056 3847 euin
1071 3799 1180 3848 Musonio
1197 3798 1317 3846 Heinsius
1335 3801 1357 3842 et

250 3887 408 3934 Burmannus
476 3888 527 3934 464
544 3883 641 3934 0001100
654 3885 678 3934 P
725 3883 790 3933 lecte
806 3883 832 3932 V
902 3888 952 3936 465
972 3897 1088 3933 consume
1105 3885 1130 3933 V
1195 3879 1357 3932 40600011-

251 3974 364 4038 quelli:
395 3969 515 4034 nouitque
536 3969 584 4019 VP
692 3976 742 4022 469
766 3969 880 4023 11010101
905 3966 997 4018 ceratis
1015 3970 1039 4019 P
1105 3965 1165 4016 tend
1189 3967 1217 4013 in
1240 3967 1265 4014 V
1288 3981 1356 4027 supr.

251 4073 314 4108 vers.
343 4057 365 4107 it
388 4059 475 4107 literae
498 4064 573 4107 tectae
597 4065 655 4105 sunt
676 4058 824 4105 membranae
841 4057 980 4118 particula,
1012 4069 1060 4115 qua
1083 4055 1152 4100 auris
1178 4065 1239 4112 quoe
1260 4059 1360 4100 00001ον

251 4145 324 4192 oblita
343 4151 379 4193 esi
484 4147 532 4192 471
554 4141 661 4194 Euritus
677 4145 721 4203 Μ,
740 4142 857 4208 Euryous
875 4143 900 4190 P
967 4138 1040 4189 Talei
1061 4145 1095 4204 sp:
1116 4135 1182 4186 eulai
1204 4137 1235 4196 V,
1254 4135 1302 4186 eali
1321 4139 1358 4196 H,

251 4281 300 4332 slei
318 4285 343 4332 P
412 4241 502 4334 teiitus
528 4284 553 4334 V
654 4285 704 4334 473
718 4280 830 4341 fortusse
846 4275 948 4328 fremitu
1047 4275 1196 4328 4741010100
1215 4277 1261 4327 M:
1278 4275 1359 4327 laetus

253 4368 284 4430 V,
301 4366 423 4418 10010οΡ
1218 4365 1222 4374 ’
