3086 4968
683 453 772 494 CAPUT
794 455 814 494 1.
1279 455 1302 498 V

189 622 319 684 ecclesia
341 619 446 682 Setina
467 619 582 680 Romae
602 638 628 680 6.
653 621 844 682 1762611116.
880 639 955 700 quae
973 621 1152 697 coniectura,
1166 622 1200 682 ‘si
1217 623 1296 683 Mar-

188 726 293 788 tialem
314 723 665 786 Valeriiconsuetudine
686 743 746 784 non
764 744 853 784 nsum
873 743 942 784 esse
963 725 1122 804 probatum
1144 725 1216 800 erit,
1236 726 1297 786 non

188 831 253 888 tam
272 826 377 907 procul
397 825 543 901 abdenda,
567 845 656 905 quam
677 827 775 887 adhuc
795 827 907 888 factum
931 829 992 888 est:
1022 830 1057 888 ut
1074 827 1221 888 Valerius
1237 829 1297 890 duo

189 930 368 1008 cognomina
388 929 542 1006 habuerit,
573 945 643 988 nam
664 926 751 988 Balbi
775 929 807 988 in
836 917 934 1009 quarti
956 929 1037 988 sexti
1056 929 1175 1008 septimi
1198 931 1296 991 octavi

189 1033 257 1092 libri
281 1031 550 1112 subscriptionibus
572 1032 760 1092 librariorum
785 1031 978 1111 neglegentia
1000 1031 1143 1092 omissum
1166 1032 1294 1095 videtur.

297 1133 365 1205 Quo
390 1153 467 1196 anno
484 1138 575 1195 natus
598 1134 638 1194 sit
651 1134 801 1212 Valerius,
825 1155 882 1214 quo
899 1136 1036 1196 mortuus
1050 1153 1137 1196 nemo
1154 1137 1292 1196 veterum

188 1239 442 1316 commemoravit,
464 1239 575 1300 scimus
596 1241 697 1299 16111611
721 1258 779 1318 quo
799 1237 943 1318 temporis
966 1239 1064 1298 tractu
1086 1238 1228 1298 floruerit.
1261 1238 1292 1299 iu

188 1343 313 1404 exordio
337 1342 417 1402 enim
438 1341 578 1402 carminis
606 1340 652 1402 sui
673 1341 895 1421 Vespasianum
916 1340 1061 1420 inplorat‚
1090 1359 1128 1399 ne
1153 1342 1292 1401 veterum

188 1437 333 1507 virorum*
353 1447 433 1506 tacta
462 1443 582 1504 canenti
610 1443 667 1504 sibi
697 1439 873 1522 irascatur,'
892 1463 960 1505 cum
989 1463 1040 1502 res
1067 1461 1086 1503 a
1112 1442 1181 1502 filiis
1208 1443 1290 1504 illius

188 1552 296 1629 gestae
313 1550 442 1610 maiores
466 1547 534 1621 sint,
554 1565 644 1624 quam
666 1565 741 1627 quas
760 1546 827 1627 ips'e
851 1546 925 1608 satis
947 1546 1059 1606 laudet.
1093 1565 1192 1624 neque
1210 1565 1290 1606 erra·

187 1655 268 1715 verit
294 1654 345 1733 qui
366 1671 406 1712 ex
430 1650 447 1710 Ι
470 1655 510 1710 12
530 1670 592 1730 sqq.
613 1651 703 1730 paulo
733 1652 804 1730 post
823 1649 1035 1730 Hierosolyma
1062 1669 1080 1709 6
1101 1649 1169 1710 Tito
1190 1649 1292 1710 deleta

188 1756 395 1835 Argonautica
425 1752 580 1815 Valerium
615 1754 803 1834 auspicatum
837 1771 906 1813 esse
942 1751 1068 1824 efficiet3
1107 1771 1176 1813 nam
1213 1770 1289 1831 quas

187 1863 227 1922 ad
254 1860 423 1940 asyndeton
453 1858 533 1937 quod
562 1859 611 1916 est
639 1856 670 1916 in
692 1877 720 1916 v.
745 1862 784 1918 13
807 1856 1022 1916 removendum
1043 1856 1167 1934 probavi
1189 1874 1291 1915 emen·

187 1963 324 2023 dationes
354 1979 407 2020 eas
435 1961 470 2019 ut
496 1958 626 2020 incertas
651 1960 709 2020 boc
735 1960 800 2022 loco
829 1958 928 2019 sciens
957 1977 1017 2018 non
1045 1957 1180 2038 respicio.
1218 1959 1289 2018 ante

186 2085 298 2126 annum
311 2061 538 2140 nonagesimum
551 2083 579 2142 p.
595 2062 626 2124 Ο.
640 2083 667 2122 n.
689 2066 810 2142 poetam
829 2063 997 2124 decessisse
1013 2041 1190 2132 Quintiliani
1205 2061 1289 2121 testi-

186 2170 286 2228 monio
321 2169 477 2242 docemur,
510 2165 559 2245 qui
588 2163 621 2224 X
644 2170 679 2239 1,
707 2169 748 2225 90
779 2167 908 2228 muttum
934 2165 1031 2244 inquit
1059 2185 1155 2245 nuper
1180 2163 1290 2227 111176-

185 2273 263 2332 161111
285 2271 395 2331 Flacco
425 2270 600 2343 amisimus;
629 2267 865 2337 Quintilianeum
894 2269 972 2328 enim
997 2287 1073 2347 opus
1095 2267 1174 2326 intra
1194 2285 1289 2326 annos

187 2377 230 2434 88
259 2379 291 2433 61
315 2377 355 2432 91)
381 2371 578 2450 compositum
611 2390 679 2431 esse
711 2372 829 2431 constat
855 2372 901 2447 (ci.
924 2368 960 2432 G.
985 2370 1020 2434 T,
1039 2368 1074 2429 Α.
1096 2367 1288 2448 Kruegerum

186 2475 291 2544 Quint.
310 2475 401 2536 instit.
424 2477 498 2536 orat.
519 2473 610 2536 lib.X
630 2475 711 2554 Lips.
736 2479 817 2536 1861
841 2495 869 2555 p.
892 2476 930 2549 1),

289 2577 335 2636 De
357 2579 455 2657 patria
472 2579 588 2639 Valerii
606 2596 719 2655 magna
741 2578 821 2638 inter
840 2579 916 2638 duos
932 2577 1028 2638 Italos
1049 2576 1150 2637 extitit
1173 2578 1287 2636 contro-

185 2679 299 2757 versia,
332 2699 459 2758 quorum
482 2701 556 2742 suae
578 2680 703 2760 quisque
725 2681 840 2759 patriae
862 2683 981 2761 poetam
1003 2679 1201 2740 clarissimum
1223 2679 1289 2739 uin-

185 2783 286 2843 dicare
318 2783 467 2844 studebat.
512 2787 602 2862 atque
636 2783 772 2843 Marcelli
801 2781 957 2844 Corradini
986 2783 1167 2843 sententiam
1197 2801 1290 2862 supra

186 2885 361 2964 significavi.
382 2889 501 2946 contra
515 2905 603 2966 quam
617 2885 823 2947 Bernardinus
840 2885 1039 2947 Scardeonius
1054 2887 1085 2947 in
1099 2886 1174 2946 libro
1193 2885 1288 2966 primo

184 2990 327 3050 historiae
343 2989 506 3049 Patavinae
522 2989 609 3066 (thes.
624 2988 692 3049 Ital.
709 2989 756 3050 VI
772 2995 792 3051 3
805 3009 834 3068 p.
853 2990 906 3067 61)
921 2988 1044 3050 Patauio
1058 2991 1179 3069 poetam
1190 2989 1288 3049 oriun-

185 3095 259 3153 dum
280 3093 373 3152 fuisso
396 3092 512 3167 docuit,
540 3093 636 3152 fretus
658 3093 709 3152 ille
731 3092 848 3152 duobus
869 3091 1017 3152 Martialis
1040 3092 1227 3153 testimoniis.
1262 3091 1288 3152 is

186 3197 267 3257 enim
287 3195 304 3255 Ι
326 3200 408 3271 61,3
428 3198 492 3255 614
508 3193 693 3255 Schneider.
722 3194 863 3256 Censetur
884 3191 991 3274 Apono
1013 3195 1101 3257 Lucio
1121 3215 1174 3257 suo
1197 3196 1288 3256 teitus

185 3299 336 3380 Stellaque
357 3319 408 3360 nec
429 3298 541 3360 Flacco
560 3300 660 3359 minuo
680 3301 711 3358 et
737 3296 755 3356 Ι
777 3300 832 3372 76,
863 3301 879 3355 1
905 3298 936 3355 61
958 3300 976 3354 2
1001 3297 1025 3357 0
1047 3298 1126 3357 611711
1146 3316 1290 3358 curarum

179 3405 315 3484 pretium
343 3422 400 3463 nou
425 3403 484 3463 cite
512 3419 647 3462 meorum
675 3401 802 3475 116666,
830 3397 995 3460 Antenorei
1019 3419 1085 3480 apes
1113 3402 1140 3461 et
1171 3400 1291 3461 alumne

184 3507 264 3567 toru'e
289 3525 314 3564 6.
330 3526 357 3583 q.
372 3525 396 3564 s.
419 3523 494 3584 quae
516 3503 648 3564 carmina
670 3504 707 3564 ab
729 3503 866 3564 omnibus
887 3502 951 3561 sere
973 3502 1024 3578 qui
1046 3503 1084 3562 de
1102 3503 1166 3564 vita
1183 3505 1291 3584 poetae

185 3607 373 3687 scripserunt
400 3606 439 3665 ad
461 3605 615 3666 Valerium
635 3606 777 3667 Flaccum
804 3604 901 3664 relata
921 3604 1016 3666 video.
1053 3609 1173 3687 longius
1200 3609 1291 3669 etiam

184 3710 334 3791 processit
354 3709 476 3769 Dureau
498 3709 536 3768 dc
557 3709 706 3784 Lamalle,
738 3707 789 3788 qui
816 3707 847 3767 in
875 3708 929 3782 iis,
959 3727 1036 3786 quac
1064 3711 1186 3772 editioni
1217 3729 1290 3770 suae

183 3813 411 3892 Argonauticon
438 3809 561 3870 Parisiis
590 3829 615 3872 a.
642 3817 724 3873 1811
756 3812 867 3892 publici
899 3812 973 3872 iuris
1009 3814 1108 3874 166166
1136 3801 1289 3894 praefatus

184 3925 247 3995 est,
280 3917 392 3976 relicua
420 3933 537 3993 quoque
560 3933 636 3994 qnae
658 3915 766 3976 Flacco
794 3914 941 3976 Martialis
964 3915 1117 3996 inscripsit
1143 3916 1290 3996 epigram-

183 4023 267 4080 mata
301 4019 339 4079 ad
371 4021 492 4098 poetam
520 4019 657 4078 nostrum
688 4017 781 4078 missa
807 4037 875 4080 6666
910 4022 995 4080 ratus
1025 4040 1064 4080 ex
1091 4020 1128 4080 iis
1161 4019 1199 4077 dc
1228 4017 1292 4076 vita

183 4124 251 4183 eius
282 4122 357 4182 satis
383 4119 479 4180 multa
504 4121 613 4180 elicuit.
657 4120 688 4180 id
718 4141 790 4180 num
817 4127 898 4184 recte
921 4123 971 4185 illc
993 4122 1096 4184 feccrit
1118 4121 1291 4202 priusquam

183 4225 377 4306 acquiratur,
398 4243 539 4284 numeros
559 4227 809 4304 epigrammatum
829 4226 948 4286 illorum
961 4247 978 4284 6
993 4224 1211 4285 Schneidewini
1232 4224 1292 4284 cdi-

181 4329 265 4390 tione
288 4326 498 4390 Teubneriana
519 4329 681 4409 proseram3
709 4329 759 4410 qui
782 4329 813 4390 hi
836 4333 906 4390 sunt
928 4328 943 4388 Ι
967 4330 1082 4403 59,16.
1106 4327 1153 4390 IV
1175 4331 1226 4406 42,
1241 4330 1290 4388 49.
