3086 4968
695 432 783 474 CAPUT
803 435 824 474 1.
1280 436 1312 478 11

202 600 236 661 et
253 597 299 660 ita
319 582 480 679 disposuit,¹
497 599 534 660 ut
548 598 634 680 quasi
649 617 758 680 corpus
772 599 946 675 habeamus,
963 600 1043 679 quod
1060 599 1212 680 integrum
1228 605 1312 666 esset

203 702 401 782 omnibusque
440 702 574 764 numeris
610 703 795 778 absolutum,
829 702 888 764 nisi
917 705 1008 784 poeta
1032 706 1129 764 morte
1156 704 1208 764 vel
1235 723 1309 768 casu

203 804 304 884 aliquo
325 805 359 866 in
380 806 543 866 constituto
574 825 665 866 cursu
690 806 876 886 interceptus
904 808 994 868 esset
1027 825 1103 887 quae
1126 808 1210 868 recte
1232 807 1309 869 iudi·

203 910 271 970 cata
301 925 370 967 0000
398 907 566 968 accuratius
595 907 777 988 probaturus
800 907 952 988 Apollonii
980 927 1101 970 carmen
1120 929 1181 972 non
1201 919 1307 992 potero

202 1029 263 1072 non
287 1009 440 1090 respicere
461 1011 582 1090 saepius
605 1013 637 1071 et
658 1029 839 1093 comparare.

167 1103 170 1106 ’
305 1112 407 1192 Atque
427 1112 621 1194 Apollonium
649 1113 770 1195 quidem
796 1099 831 1174 id'
853 1112 954 1192 egisse
977 1111 1131 1190 videmus,
1155 1115 1191 1176 ut
1210 1133 1306 1178 remo

200 1213 326 1276 tissimis
354 1215 445 1276 etiam
472 1217 563 1278 rebus
591 1216 706 1280 minuto
733 1217 917 1296 obscur-oque
938 1215 1036 1277 studio
1060 1215 1207 1292 collectis,
1229 1235 1307 1296 quae

200 1315 399 1396 Argonautae
420 1317 453 1380 in
474 1318 664 1399 expeditione
685 1318 716 1379 in
737 1307 914 1381 Colchorum
936 1320 1047 1380 terram
1067 1319 1148 1382 facta
1167 1318 1307 1386 viderant

102 1501 106 1510 ¹
200 1423 363 1499 gesserant
384 1423 618 1484 exanclaverant
639 1419 765 1484 servate
782 1421 885 1482 ordine
907 1423 1075 1502 temporum
1095 1422 1184 1502 plene
1207 1422 1306 1484 omnia

198 1526 345 1584 narraret
378 1543 419 1584 ex
438 1525 485 1586 his
502 1523 653 1600 Valerius,
676 1543 744 1586 cum
767 1541 827 1586 non
842 1527 905 1586 tam
920 1524 1072 1586 doctrinae
1086 1525 1202 1606 copiam
1216 1545 1306 1608 quam

198 1630 297 1688 artem
316 1627 464 1707 poeticam
485 1628 642 1707 praestare
663 1627 759 1688 vellet
768 1625 817 1705 ⁴¹),
847 1644 924 1706 quae
951 1626 995 1688 ita
1016 1631 1103 1690 erant
1124 1631 1304 1711 comparata,

197 1731 234 1789 ut
255 1732 309 1790 aut
330 1731 486 1791 dbctcrum
510 1731 598 1791 modo
620 1730 773 1792 hominum
802 1729 918 1792 animos
940 1734 1084 1812 caperent
1105 1735 1159 1793 aut
1179 1733 1221 1794 ad·
1241 1751 1305 1795 car-

196 1833 287 1894 minis
320 1835 513 1894 venustatem
542 1836 574 1894 01
600 1832 854 1912 magnificentiam
882 1853 943 1894 non
971 1835 1193 1896 accommodata
1220 1836 1304 1896 ride-

195 1938 316 2014 rentur,
345 1938 398 1997 aut
417 1935 527 1996 leviter
557 1935 660 2013 attigit
687 1937 741 1996 aut
762 1933 876 1998 omisit:
906 1955 982 2016 quae
1012 1937 1110 1998 omnia
1133 1937 1305 2016 significare

196 2058 266 2100 cum
287 2039 412 2117 longum
433 2039 490 2114 sit,
515 2056 612 2118 pauca
641 2041 743 2098 tamen
772 2057 849 2118 quae
878 2039 994 2100 adhoc
1015 2059 1112 2118 genus
1134 2041 1306 2120 pertineant

195 2141 281 2202 lubet
302 2159 487 2223 expromere.
521 2141 618 2202 veluti
638 2139 724 2220 Argo
746 2143 833 2202 navis
855 2160 913 2221 quo
935 2143 1023 2238 modo
1044 2143 1191 2204 instructa
1213 2145 1305 2219 esset,

194 2242 227 2304 in
248 2261 357 2324 aquam
378 2243 522 2320 deducta,
550 2242 650 2306 soluta
676 2243 805 2324 denique
827 2243 968 2304 Valerius
989 2245 1112 2306 brevius
1133 2245 1303 2308 1011110011-

193 2347 306 2428 posuit,
330 2365 419 2426 quam
433 2346 620 2428 Apollonius,
639 2347 689 2427 qui
709 2346 741 2407 in
763 2346 974 2408 sacrificiorum
994 2365 1110 2428 quoque
1128 2346 1302 2429 descriptio-

193 2452 292 2527 nibus,
313 2469 440 2530 quarum
459 2469 519 2510 non
536 2451 683 2528 exiguum
697 2469 855 2510 numerum
876 2451 975 2526 habet,
999 2448 1117 2529 longior
1137 2449 1194 2512 fuit
1213 2469 1303 2532 quam

193 2575 319 2618 necesse
349 2555 422 2614 crat.
456 2551 564 2614 deinde
586 2551 691 2614 Phinei
718 2552 891 2616 vaticinatio
919 2572 937 2614 0
960 2552 1095 2614 Romano
1123 2555 1213 2633 pocta
1234 2573 1302 2618 con-

192 2657 284 2718 cisius
306 2656 437 2716 refertur
458 2675 547 2736 quam
571 2653 733 2732 aGraeco,
756 2656 807 2736 qui
827 2657 935 2718 itinere
953 2655 1199 2735 Argonautarum
1213 2676 1301 2739 quam

192 2758 417 2824 accuratissime
438 2759 580 2840 *exposito
609 2759 733 2820 carmini
762 2780 817 2822 suo
839 2761 920 2821 haud
942 2778 1053 2840 paucas
1075 2759 1301 2820 observationes

190 2881 209 2922 0
232 2861 433 2942 geographico
467 2881 581 2940 genere
608 2862 719 2942 petitas
748 2862 917 2924 immiscuit.
951 2881 1049 2942 neque
1075 2861 1211 2922 Peraebii
1238 2862 1302 2924 fata

190 2965 224 3026 01
243 2963 418 3024 Etesiarum
441 2964 588 3044 originem
609 2963 719 3045 (Apoll.
737 2966 767 3026 B
784 2969 848 3026 460
864 2967 939 3046 sqq.)
958 2966 1101 3027 Valerius
1125 2983 1300 3026 commemo·

188 3067 272 3130 ravit
294 3069 325 3128 et
345 3067 444 3128 omisit
466 3085 543 3147 quae
564 3067 602 3126 de
617 3065 757 3128 Herculis
778 3067 809 3128 in
826 3066 1093 3148 Mariandynerum
1115 3071 1300 3130 1011011011-

187 3171 341 3252 peditione
362 3173 485 3232 narrata
499 3172 577 3230 sunt.
609 3169 792 3231 laudandum
808 3170 907 3244 etiam,
919 3170 1008 3250 ,quod
1026 3171 1064 3230 de
1080 3171 1300 3232 Thermodonta

188 3275 282 3338 fluvio
303 3277 336 3335 et
353 3272 542 3336 Amazonum
562 3273 627 3335 vita
647 3273 705 3334 uisi
726 3272 757 3332 in
778 3276 953 3333 transcursu
977 3273 1063 3352 quasi
1086 3272 1247 3351 nonedxit
1268 3276 1301 3334 01

188 3378 352 3439 absurdam
377 3378 458 3440 illam
484 3378 617 3439 fabulam
647 3376 685 3436 de
706 3373 851 3436 Aretiade
880 3375 980 3436 insula
1002 3375 1171 3454 Martisque
1192 3375 1299 3436 avibus

188 3481 227 3543 ab
249 3479 409 3562 Apollonio
428 3480 532 3542 multis
554 3479 656 3542 uerbis
677 3481 830 3540 narratam
854 3479 971 3540 silentio
995 3479 1205 3560 praetermisit

186 3637 191 3644 .
291 3582 336 3644 At
356 3603 429 3644 vero
459 3602 535 3664 quae
562 3585 687 3663 propter
710 3599 812 3640 rerum
833 3585 887 3642 aut
907 3583 1143 3661 magnitudinem
1166 3563 1220 3642 aut
1240 3582 1298 3644 for-

186 3687 331 3750 midinem
358 3677 577 3767 affectuumque
606 3689 638 3747 et
665 3685 781 3765 copiam
810 3687 842 3745 et
872 3686 934 3746 vim
958 3689 990 3747 et
1017 3687 1178 3748 veritatem
1207 3686 1300 3766 digna

186 3792 387 3866 ridebantur,
413 3792 448 3851 ut
476 3790 514 3850 ab
538 3790 622 3870 epico
643 3789 734 3869 poeta
753 3786 947 3865 efferrentur,
969 3808 1006 3850 00
1028 3789 1164 3870 quamvis
1183 3789 1298 3850 brevis-

186 3896 264 3958 sime
292 3895 422 3956 tractata
450 3893 555 3953 essent
579 3893 617 3954 ab
648 3892 806 3972 Apollonio
831 3891 971 3952 Valerius
1001 3895 1032 3954 et
1060 3913 1140 3955 nova
1166 3893 1205 3952 dc
1234 3890 1298 3951 suis

292 4159 320 4224 ⁸⁹)
335 4135 431 4208 duobus
456 4163 540 4208 tamen
564 4156 627 4207 locis
651 4175 702 4208 non
728 4173 794 4222 nego
812 4157 943 4209 Valerium
966 4157 1095 4208 doctrinae
1119 4156 1219 4206 laudem
1237 4155 1296 4205 affe·

186 4249 283 4296 ctassc:
308 4245 337 4294 in
354 4244 421 4294 libro
440 4244 518 4294 tertio
536 4243 581 4293 ubi
599 4243 699 4309 Minyas
716 4258 731 4311 a
749 4243 842 4307 Mopso
861 4246 985 4307 purgatos
1004 4241 1124 4294 describit
1141 4245 1167 4292 et
1186 4241 1214 4292 in
1231 4241 1298 4294 libro

187 4336 270 4396 00110,
288 4331 333 4384 ubi
351 4331 444 4383 Persae
463 4334 489 4381 et
507 4329 600 4380 Aeetae
619 4327 715 4398 auxilia
732 4333 917 4392 optinerentur.
