3086 4968
271 451 311 491 XX
708 453 934 494 PROLEGOMENON

275 617 436 698 Neptunus
465 617 570 680 Iovem
600 623 631 679 et
658 624 794 696 aeousat,
830 621 909 700 quod
941 620 998 680 sibi
1022 625 1053 681 et
1080 621 1215 706 Plutoni,
1250 621 1383 682 secunda

277 724 347 800 post
372 721 456 781 illum
480 741 576 800 regna
604 723 733 800 sortitis,
762 722 897 784 invideat
925 742 1044 804 semper
1072 728 1103 784 et
1125 723 1305 786 detrimenta
1331 725 1382 785 ad·

276 825 361 884 ferat.
372 859 413 868 -
431 823 478 885 VI
495 826 558 884 354
573 843 637 904 sqq.
652 823 824 884 Burmanno
841 824 995 886 offensioni
1017 827 1147 902 suerunt,
1170 826 1301 886 maxime
1315 846 1383 906 pro-

277 930 346 1006 pter
365 927 419 987 ille
440 926 504 986 dies
525 946 615 987 voees
637 926 669 986 in
690 947 718 987 v.
734 931 811 1001 356,
832 947 887 1008 pro
906 929 1013 1007 quibus
1031 947 1107 1009 quae
1130 930 1329 1009 proposuerit,
1350 930 1381 990 in

279 1030 469 1090 adnotatione
491 1029 593 1089 oritioa
609 1029 723 1090 uideas.
756 1031 811 1090 sed
832 1050 976 1092 versuum
996 1032 1115 1092 illorum
1127 1031 1306 1092 sententiam
1323 1032 1383 1092 iam

279 1133 455 1211 Wagnerus
478 1137 560 1192 reete
579 1133 667 1212 oepit,
689 1133 774 1193 euius
795 1135 888 1195 verba
910 1134 994 1195 lubet
1009 1138 1162 1215 repetere:
1178 1127 1301 1214 ‘magno
1315 1155 1384 1195 oum

280 1235 409 1314 strepitu
428 1237 512 1296 nenti
531 1237 562 1296 in
583 1236 678 1316 ipsius
691 1234 791 1296 Aeolii
810 1236 888 1297 antri
909 1237 1010 1296 limine
1031 1237 1070 1298 ad
1094 1238 1226 1298 plaustra
1240 1238 1385 1315 frangunt

280 1357 364 1413 sese,
385 1340 540 1417 premunt,
561 1343 703 1418 urguent,
724 1339 801 1400 alter
822 1341 950 1400 alterum
971 1340 1142 1419 pmturbat,
1165 1341 1202 1400 de
1225 1360 1260 1401 eo
1282 1342 1384 1402 deuer-

280 1444 396 1516 tentes,
423 1460 513 1519 quem
543 1441 645 1520 pelagi
670 1441 785 1520 rabies,
814 1463 902 1523 quem
928 1443 1045 1517 nubila,
1070 1462 1217 1522 quemque
1241 1446 1385 1522 sequatur

281 1544 331 1604 ille
355 1545 419 1604 dies
441 1545 468 1604 h.
485 1562 509 1603 e.
532 1543 580 1604 eui
601 1545 657 1603 hoo
679 1544 728 1604 die
749 1547 890 1624 pareant,
912 1546 1133 1624 obtemperent,
1162 1546 1271 1606 sedant
1290 1547 1385 1608 maria

282 1650 313 1708 et
334 1647 451 1723 nubila,
483 1647 530 1708 eui
559 1648 739 1708 consedetur
766 1647 860 1708 maria
886 1647 917 1707 in
940 1648 1049 1709 fluetus
1079 1649 1204 1709 tollendi
1230 1649 1385 1728 nubesque

283 1750 410 1829 eogendi
430 1753 582 1830 potestas,
609 1750 673 1826 nel,
702 1751 781 1828 quod
803 1750 883 1810 idem
903 1753 966 1825 est,
996 1752 1047 1831 qui
1067 1751 1123 1812 hoo
1146 1752 1194 1812 die
1216 1771 1272 1832 per
1291 1752 1386 1813 maria

282 1857 314 1915 et
334 1873 435 1914 aerem
455 1841 639 1914 dominetur?
669 1855 891 1914 eoncedendum
913 1858 1013 1914 tamen
1028 1854 1209 1929 Burmann0,
1229 1853 1307 1916 deun
1321 1873 1387 1920 uen-

282 1962 345 2020 turn
368 1956 496 2037 aliquem
519 1959 606 2037 sequi
624 1956 698 2016 satis
721 1957 846 2024 obscure
867 1956 979 2016 dietum
998 1975 1074 2016 esse.

382 2057 432 2118 Ad
455 2079 562 2120 oausas
581 2059 770 2120 obscuritatis
790 2059 886 2134 illius,
908 2077 997 2137 quam
1018 2058 1076 2119 viri
1094 2060 1174 2120 docti
1194 2065 1302 2141 poetae
1326 2081 1385 2123 non

281 2162 419 2224 inmerito
444 2163 518 2223 nItio
538 2162 724 2237 tribuerunt,
750 2161 945 2240 neglegentia
973 2180 1091 2241 quoqne
1120 2163 1151 2224 in
1173 2165 1275 2225 verbis
1299 2165 1386 2226 eollo·

282 2265 385 2327 bandis
411 2265 569 2327 referenda
595 2268 651 2326 est.
686 2266 771 2326 euius
794 2256 965 2345 exemplum
987 2283 1004 2324 e
1027 2265 1102 2326 libro
1125 2267 1219 2346 primo
1242 2287 1386 2346 expromo

281 2393 309 2432 v.
333 2375 394 2432 306
411 2391 490 2450 sqq.‚
524 2389 649 2450 quorum
676 2368 856 2430 sententiam
887 2368 938 2447 qui
967 2368 1023 2428 hoe
1051 2371 1185 2448 tempore
1212 2370 1243 2430 in
1263 2370 1386 2430 Valerio

281 2473 466 2533 emendando
489 2472 603 2532 versati
621 2475 693 2532 sunt
714 2471 846 2532 Koohius
871 2472 957 2547 (mus,
973 2469 1070 2532 Ithen.
1085 2469 1198 2533 XVIII
1212 2491 1240 2551 p.
1258 2473 1332 2548 163)
1354 2477 1386 2532 et

280 2575 537 2656 Eyssenhardtius
564 2593 624 2633 non
654 2575 806 2652 oeperunt.
847 2573 895 2631 hie
926 2574 1004 2632 enim
1034 2577 1082 2634 est
1112 2574 1272 2634 verborum
1298 2574 1385 2636 ordo:

280 2700 335 2760 epe
356 2699 462 2760 rumpe
488 2695 588 2737 morae
612 2679 641 2736 et
660 2678 722 2737 ium
749 2694 826 2735 nune
838 2673 938 2752 fideus
957 2679 1131 2757 superasque
1151 2678 1282 2756 metopae
1301 2681 1386 2740 mitte

280 2785 391 2857 metue,
429 2784 460 2841 si
483 2779 554 2840 dum
580 2781 637 2840 toto
666 2797 791 2858 aequore
816 2779 968 2839 nummus
996 2780 1126 2839 insertus
1154 2781 1254 2840 aeter
1282 2781 1386 2842 nubite

280 2883 410 2946 demerit.
452 2881 579 2943 recessit
606 2883 707 2941 autem
729 2880 870 2942 Valerius
900 2899 918 2940 a
943 2883 1026 2940 recta
1053 2880 1213 2942 verborum
1240 2881 1384 2942 oolloean-

281 2986 387 3046 dorum
406 2986 531 3058 ratione,
553 3003 620 3043 eum
642 3003 697 3064 que
718 2982 863 3062 copulam,
885 2983 922 3042 ad
942 2984 1004 3042 ium
1024 2982 1201 3060 ponendam,
1222 2983 1293 3045 dum
1316 3004 1385 3046 eon·

279 3089 424 3149 iunctioni
445 3087 688 3164 adiungebat,·et
710 3086 897 3146 enuntiatum
919 3087 957 3146 ab
977 3085 1033 3145 hae
1050 3085 1116 3166 ipsa
1130 3086 1284 3165 incipiens,
1305 3089 1385 3166 quod

280 3190 447 3252 sententiae
467 3188 678 3270 hypotheticae
699 3187 832 3247 inserere
853 3187 964 3261 debuit,
986 3187 1056 3248 huie
1077 3188 1295 3267 praemittebat.
1329 3191 1384 3250 sed

278 3295 403 3374 copulae
425 3294 567 3355 traiectae
580 3290 771 3351 Burmannus
792 3292 823 3351 in
844 3292 1029 3372 praefatione
1051 3311 1078 3371 p.
1098 3295 1116 3352 7
1138 3292 1234 3352 multa
1246 3292 1385 3373 exempla

197 3451 200 3455 .
279 3398 447 3474 congessit,
472 3415 570 3475 neque
594 3396 650 3455 hoo
677 3413 737 3455 uno
758 3393 823 3453 loeo
846 3392 988 3457 Valerius
1010 3394 1197 3454 enuntiatum
1224 3413 1282 3473 quo
1309 3398 1384 3456 tem-

277 3499 359 3579 poris
379 3498 556 3576 significatio
578 3497 747 3558 continetur
775 3498 846 3556 ante
874 3514 941 3555 eam
963 3496 1143 3556 sententiam
1170 3491 1288 3576 posuit,
1314 3501 1385 3577 post

277 3618 368 3679 quam
380 3601 551 3678 ponendum
567 3603 639 3661 erat
671 3599 861 3660 ofi1425et
878 3603 947 3660 765.
977 3599 1036 3660 iem
1049 3618 1143 3659 unum
1157 3599 1385 3675 restarevideo‚

277 3682 313 3763 ut
342 3705 399 3764 toto
427 3703 458 3762 in
486 3723 579 3763 versu
611 3707 672 3765 306
700 3705 854 3763 servatum
883 3701 1069 3762 defendetur.
1119 3718 1155 3760 ao
1182 3704 1275 3763 totum
1299 3721 1384 3765 mere

276 3801 388 3865 dietum
406 3807 575 3884 essequod
594 3807 716 3888 lenpaut
738 3807 829 3885 poeta
849 3804 926 3865 dixit
945 3805 996 3866 ΠΙ
1010 3807 1083 3879 354,
1105 3805 1221 3865 duobus
1243 3806 1382 3866 versibus

276 3909 417 3968 doeemur
430 3907 564 3986 quisunt
578 3909 677 3970 V439
693 3912 725 3969 et
739 3907 820 3970 VIII
837 3912 908 3969 103.
934 3909 981 3968 his
1001 3906 1148 3987 expositis
1163 3907 1278 3983 videas,
1293 3927 1382 3989 quam

275 4009 464 4070 necessariae
485 4010 546 4071 sint
566 4009 798 4091 Eyssenhardtii
824 4012 855 4070 et
876 4009 981 4072 Koohii
1003 4010 1200 4072 oonieoturae.
1241 4009 1291 4072 ille
1313 4031 1381 4091 pro-

274 4114 390 4194 posuit:
412 4131 537 4194 numque
558 4133 683 4194 aequore
701 4115 763 4174 tuto
785 4114 937 4174 eurre'enuo
956 4114 1086 4174 incertus
1101 4131 1153 4172 nee
1169 4113 1271 4174 nube‘le
1289 4113 1381 4176 dume-

272 4219 317 4277 rit
344 4217 459 4292 aether,
487 4217 519 4276 in
546 4215 653 4296 quibus
680 4232 756 4276 sana
784 4215 904 4293 quidem
926 4218 957 4275 et
979 4233 1107 4293 quereus
1130 4211 1294 4275 Dodonidis
1317 4236 1380 4278 ser-

270 4317 458 4380 mocinationi
478 4314 658 4379 conveniens
679 4316 830 4379 sententia
848 4317 934 4378 inest
971 4317 1052 4396 quod
1067 4317 1193 4382 iudicari
1214 4317 1319 4397 nequit
1341 4320 1379 4380 de
