3086 4968
241 448 294 492 XIV
698 451 925 492 recumbemus

241 620 277 679 nt
299 617 352 678 diu
376 618 585 698 cogitaverim,
614 619 683 698 quid
704 638 757 698 pro
778 639 937 701 procoma
967 620 1037 699 apte
1060 637 1253 698 reponerem,
1289 617 1345 678 sed

242 721 315 784 nihil
335 741 384 782 me
402 721 554 783 invenisse
574 723 678 784 fateor.
1281 769 1290 774 .

342 825 376 885 Π
400 829 438 888 35
462 827 590 889 taberne
610 825 688 887 Solis
717 824 797 902 quod
819 828 930 888 cormac
951 824 1091 886 dicemur
1122 824 1223 885 multis
1254 823 1345 884 offen·
1421 855 1438 874 κ

242 928 318 990 sioni
339 929 413 1005 fuit,
427 929 566 1011 Baptista
585 928 656 990 Pius
677 928 756 990 enim
778 932 898 1004 erector,
921 927 1066 989 Heinsius
1088 929 1224 1002 moedau,
1245 925 1345 986 Peerl-

241 1031 370 1111 kampus
394 1031 550 1110 ingeniose
570 1034 708 1095 emeritos
733 1031 796 1110 legi
820 1032 998 1092 maluerunt.
1043 1031 1098 1092 sed
1123 1049 1184 1090 non
1203 1029 1346 1090 viderunt

240 1134 299 1195 viri
327 1135 509 1212 doctissimi,
538 1135 662 1196 habenis
687 1133 829 1194 tribuisse
858 1137 979 1214 poetam
1006 1135 1086 1215 quod
1107 1133 1192 1213 equis
1215 1132 1345 1192 tribuen-

240 1236 312 1297 dum
323 1240 415 1315 erat,
445 1237 496 1316 qui
518 1257 587 1298 cum
607 1257 757 1298 summum
776 1239 900 1300 aethere
916 1243 1136 1318 superaverunt
1157 1254 1227 1295 enm
1248 1234 1344 1296 evect'

241 1359 310 1400 esse
328 1341 399 1420 apte
420 1339 565 1410 dicuntur.
601 1342 819 1421 comparabitur
838 1361 898 1404 non
918 1340 983 1400 sine
1003 1339 1132 1400 utilitate
1155 1338 1185 1398 V
1204 1342 1275 1415 611,
1295 1337 1347 1402 uhi

240 1441 398 1523 Euryalen
425 1441 540 1526 alipedi
566 1463 660 1505 curru
686 1463 811 1525 serpere
830 1447 1015 1506 mortuorum
1036 1444 1177 1524 pulsasse
1198 1443 1344 1502 narratur.

243 1547 361 1610 omniuo
393 1546 426 1606 in
460 1546 601 1627 epithetis
633 1547 781 1626 eligendis
810 1547 953 1609 Valerius
985 1563 1092 1626 parum
1122 1545 1258 1606 curiosus
1281 1544 1346 1618 fuit,

243 1650 327 1712 cuins
363 1647 484 1729 generis
514 1649 653 1728 exempla
681 1650 827 1727 quaedam
855 1650 941 1710 lubet
969 1667 1153 1729 expromere.
1191 1647 1287 1708 veluti
1312 1646 1346 1708 II

242 1756 306 1814 268
324 1751 536 1832 famularetur
564 1752 643 1832 quod
671 1754 765 1815 codici
787 1752 962 1815 Monacensi
991 1755 1088 1830 (saec.
1115 1751 1197 1829 XV)
1220 1753 1347 1814 debetur

241 1875 302 1918 ncn
322 1855 453 1931 mutavi,
481 1855 539 1916 etsi
560 1856 632 1935 quid
653 1855 710 1916 sibi
731 1856 827 1916 velint
847 1855 973 1918 hederae
984 1853 1157 1934 famularer
1177 1874 1238 1916 non
1259 1855 1346 1916 facile

241 1959 442 2039 intellegitur,
477 1978 555 2039 quae
585 1959 629 2019 sic
656 1961 782 2020 uocatae
810 1961 896 2034 sunt,
927 1958 1007 2037 quod
1035 1957 1188 2032 Bacchae,
1216 1957 1345 2019 famulae

239 2064 258 2126 i.
279 2082 304 2126 e.
326 2062 498 2124 sacerdotes
517 2061 643 2137 Bacchi,
671 2063 783 2123 hedera
813 2061 948 2124 coronari
974 2064 1006 2122 et
1031 2061 1110 2140 cingi
1137 2061 1280 2122 solebant
1303 2095 1346 2122 τ-

239 2167 308 2242 libri
335 2167 415 2228 tertii
445 2185 568 2226 versum
593 2168 654 2226 613
679 2164 870 2226 Burmannus
898 2168 930 2226 et
958 2165 1173 2246 Peerlkampus
1196 2163 1347 2245 vitupera·

240 2273 313 2332 runt
343 2274 509 2333 manontes
535 2288 627 2332 cums
654 2269 710 2350 ‚qui
741 2271 845 2330 essent
875 2287 935 2329 non
968 2269 1129 2350 capientes.
1172 2268 1227 2329 sed
1256 2288 1348 2330 ocsus

241 2378 313 2437 sunt
336 2394 387 2436 res
410 2375 447 2435 ab
469 2371 655 2452 Argonautis
679 2376 853 2454 susceptae,
884 2391 958 2453 quas
988 2392 1056 2433 cum
1076 2373 1243 2434 emmanue
1266 2370 1346 2432 dice-

240 2481 293 2540 bat
312 2481 417 2558 poeta,
446 2477 569 2538 ausibus
598 2475 712 2537 addidit
733 2477 813 2556 quod
835 2476 1014 2537 audentibus
1042 2477 1125 2535 recte
1153 2473 1279 2534 additur.
1303 2507 1347 2520 »-
1373 2489 1377 2496 ’

239 2581 348 2643 iisdem
371 2579 431 2640 illis
453 2581 527 2641 viris
555 2580 650 2641 doctis
677 2579 706 2640 V
728 2583 789 2638 273
811 2581 930 2659 iamque
950 2578 1054 2639 adeat
1077 2577 1210 2656 (Perses)
1231 2582 1348 2660 mcpnc’r

239 2701 344 2764 repom
373 2701 440 2744 cum
467 2683 591 2745 metabus
618 2683 690 2744 urbi
711 2680 862 2760 displicuit
882 2683 999 2762 mopnc's
1019 2681 1189 2761 epitheton,
1214 2686 1250 2742 nt
1270 2683 1347 2744 Bur·
1404 2705 1415 2725 ·

238 2805 368 2848 mannus
390 2805 408 2845 c
428 2785 566 2865 Vergilio
590 2783 677 2863 (Aen.
698 2782 728 2844 V
745 2785 797 2862 75)
819 2784 923 2845 melich
942 2787 1111 2864 reponeret,
1129 2784 1347 2867 Peerlkampus

239 2891 344 2971 mopsi
365 2891 447 2970 rapte
476 2889 632 2950 coniceret.
676 2889 722 2962 at,
750 2887 838 2947 modo
867 2905 942 2947 sana
971 2887 1011 2948 sit
1036 2889 1159 2950 mutuus
1184 2891 1262 2964 vox,
1290 2908 1346 2970 pro

240 3011 300 3072 qua
319 2992 435 3054 uiribus
456 2991 527 3052 olim
553 2991 723 3072 suspicatus
752 3009 833 3067 sum,
862 2990 906 3050 ita
931 2989 1060 3050 fortasse
1083 2991 1225 3053 Valerius
1254 3009 1344 3052 excu-

175 3154 183 3171 ,
240 3095 301 3159 sari
321 3096 438 3176 potest,
468 3097 504 3154 ut
532 3094 563 3154 in
583 3094 722 3172 eligendo
747 3093 882 3172 adposito
913 3111 972 3153 non
995 3095 1057 3153 tam
1081 3093 1233 3174 propriam
1262 3095 1346 3156 vocis

238 3199 320 3261 illius
341 3199 402 3260 vim
427 3200 582 3278 spectasse
604 3197 737 3272 dicatur,
757 3215 847 3275 quam
871 3215 1057 3256 communem
1078 3196 1228 3257 exercitus
1249 3198 1345 3258 notio-

239 3321 324 3378 nem,
352 3321 428 3382 qnae
454 3303 511 3364 hoc
537 3301 602 3363 loco
627 3301 670 3361 illi
697 3301 784 3360 inest.
811 3333 855 3344 -—
883 3299 913 3359 V
935 3301 999 3360 485
1028 3301 1070 3361 tot
1096 3301 1187 3381 capili
1203 3301 1345 3382 putcher-

238 3408 319 3468 rimo
330 3403 466 3485 flammo
489 3425 581 3466 corna
602 3403 716 3464 edihrm
736 3404 793 3463 est.
835 3401 980 3462 Heinsius
1002 3401 1050 3462 cui
1070 3402 1225 3463 fluminum
1244 3403 1344 3466 flexus

239 3541 279 3552 -
311 3525 348 3567 ea
377 3506 457 3566 enirn
486 3509 558 3567 sunt
589 3520 702 3566 cornua
725 3539 769 3550 -
798 3523 905 3585 parum
936 3506 1007 3584 apte
1035 3495 1145 3582 vigiles
1176 3506 1234 3568 dici
1262 3507 1344 3568 vide-

237 3609 348 3670 bantur
372 3605 468 3670 uiridi
486 3609 656 3690 proposuit,
685 3609 765 3700 qupd
791 3607 988 3686 eWagnero
1010 3608 1168 3688 probatum
1195 3613 1251 3672 est
1289 3610 1345 3670 sed

237 3708 463 3770 tanslationcm
496 3714 640 3773 audacter
674 3712 794 3792 quidem
821 3713 853 3772 at
885 3729 945 3770 non
973 3709 1160 3789 ineleganter
1190 3710 1346 3772 inventurn

237 3812 330 3874 nolim
351 3814 460 3892 poetae
480 3814 563 3894 eripi.
592 3832 731 3894 namque,
747 3818 784 3875 ut
804 3832 844 3874 ex
866 3813 1057 3874 adnotatione
1072 3812 1223 3893 Wagneri
1244 3815 1344 3891 didici,

236 3915 297 3976 iam
326 3914 456 3978 Lcnzius
484 3915 576 3991 vidit,
603 3915 759 3978 Valerium
783 3919 858 4000 oepit
885 3937 977 3980 canc
998 3915 1169 3978 fluminibus
1191 3918 1342 3997 tribuisse,

239 4020 319 4099 quod
334 4037 442 4098 aquam
459 4038 622 4100 perennem
640 4020 787 4082 heberent
809 4040 885 4101 quae
907 4036 1067 4100 numquam
1089 4019 1239 4080 dormiens
1255 4022 1344 4101 quasi

238 4140 358 4204 semper
379 4121 496 4182 flueret
520 4157 564 4167 -
585 4121 616 4182 V
632 4125 696 4184 593
720 4121 865 4185 Heinsius
890 4143 959 4184 cum
983 4121 1134 4185 dubitaret
1155 4122 1342 4206 prrrfcodum

236 4242 310 4284 num
335 4243 452 4288 meram
475 4227 557 4288 recte
581 4224 745 4304 diceretur,
767 4225 896 4308 profuso
918 4224 1058 4297 coniecit3
1085 4243 1145 4302 qua
1171 4224 1343 4288 coniectura

236 4326 324 4389 facile
339 4345 484 4391 caremus
514 4348 584 4392 narn
603 4347 685 4390 mero
702 4327 786 4390 dedit
803 4330 894 4410 poeta
911 4329 991 4408 quod
1009 4325 1126 4408 poculo,
1145 4328 1177 4390 in
1196 4349 1254 4410 quo
1266 4331 1342 4392 sslud
