3086 4968
253 434 328 476 dvm
688 431 915 472 excaecemus

254 601 323 664 dam
342 619 453 682 ceusu,
476 598 554 679 quod
576 616 666 676 quam
684 598 819 678 ineptum
843 600 941 672 esset,
958 597 1050 659 miror
1071 600 1221 662 neminem
1242 601 1359 664 vidisse

252 707 323 766 ante
343 703 583 765 Slothouwernm
604 701 636 760 et
657 698 902 782 Peerlkampum,
924 702 975 780 qui
995 721 1050 782 pro
1071 705 1177 766 veterat
1198 705 1356 766 verissima

251 807 452 888 reposuerunt
464 803 558 883 felic.
588 801 727 864 nimirum
749 823 767 864 e
788 805 822 866 Π
837 807 898 866 581
925 823 1018 885 supra
1037 823 1161 866 versum
1182 806 1289 886 aliquis
1304 808 1356 868 ed-

252 910 414 991 scripscrat
431 909 553 982 vetem,
576 905 656 986 quod
675 925 694 966 a
711 907 831 989 stupido
853 907 973 968 librario
992 907 1025 968 in
1043 907 1143 988 ipsum
1161 929 1286 972 versum
1303 911 1356 972 de-

251 1017 373 1078 ductum
396 1014 451 1074 est.
482 1008 652 1070 -eodem
677 1028 789 1089 genere
816 1009 994 1071 emendandi
1019 1012 1088 1071 utor
1116 1011 1147 1070 in
1174 1033 1267 1074 versu
1291 1017 1352 1076 501

248 1118 316 1180 libri
332 1114 428 1197 primi.
463 1113 502 1172 dc
523 1131 581 1192 quo
603 1113 788 1174 restituendo
805 1113 1072 1193 quotienscumque
1086 1114 1226 1192 cogitavi,
1241 1115 1273 1176 iu
1287 1135 1355 1176 eam

250 1238 370 1301 semper
393 1215 573 1278 sententiam
594 1213 702 1290 recidi,
718 1216 754 1276 ut
775 1215 913 1278 ultimum
935 1215 1045 1296 pedem
1065 1216 1168 1276 sedem
1190 1217 1277 1296 quasi
1290 1237 1355 1280 cor-

248 1322 385 1402 ruptelae
407 1317 556 1379 haberem.
594 1318 648 1378 sed
678 1336 745 1380 cum
772 1318 851 1380 desit
878 1319 956 1399 quod
978 1338 1032 1399 pro
1052 1319 1160 1382 maredo
1182 1321 1357 1398 reponatur,

249 1427 332 1490 utet
353 1419 503 1484 sententie
523 1419 684 1499 probabilis
706 1421 816 1482 evadat
839 1423 870 1484 et
890 1424 1068 1485 observetur
1089 1423 1258 1484 litterarum
1275 1423 1354 1484 simi-

249 1526 361 1601 litudo,
383 1521 492 1586 muodo
514 1522 589 1583 illud
611 1543 628 1584 e
650 1543 743 1585 versu
760 1528 823 1588 246
846 1525 934 1606 primi
961 1525 1029 1586 libri
1051 1526 1201 1606 adscripto
1223 1526 1255 1588 in
1275 1527 1355 1588 bunc

248 1647 372 1691 versum
392 1625 572 1688 translatum
600 1645 668 1686 esse
694 1627 814 1690 conicio.
855 1627 898 1690 sic
918 1629 998 1690 enim
1019 1648 1085 1690 rem
1105 1629 1177 1690 mibi
1197 1629 1294 1708 fingo:
1322 1631 1354 1691 in

248 1733 412 1812 archetypo
437 1727 577 1790 Vaticani
598 1727 636 1789 ad
660 1748 749 1790 voces
762 1717 847 1810 'quac
871 1733 943 1790 sunt
958 1733 1059 1814 patrii
1077 1751 1168 1812 oeque
1187 1734 1266 1794 euim
1281 1752 1354 1813 pro·

250 1839 299 1900 au
313 1837 373 1899 otia
394 1834 481 1916 requi
499 1832 530 1894 in
549 1831 686 1910 margine
708 1832 814 1912 aliquis
833 1833 993 1914 adscripsit
1013 1838 1077 1917 a'que
1099 1853 1153 1896 ereo
1167 1836 1263 1898 votuit
1278 1856 1354 1898 com·

248 1941 359 2004 mercia
380 1935 504 2012 maudo,
533 1937 568 1997 ut
595 1935 703 1998 muodo
725 1935 812 1996 iuxta
834 1938 1000 1996 extremam
1028 1955 1137 1998 vorsus
1162 1940 1223 1998 501
1248 1957 1354 1998 vocem

247 2045 410 2124 poneretur
419 2039 449 2116 ¹⁶)
457 2061 466 2100 ¹:
486 2037 587 2118 itaque
607 2038 721 2100 oum-is
744 2038 794 2118 qui
807 2039 986 2102 Vaticanum
1006 2039 1145 2100 exaravit
1169 2039 1244 2100 duas
1261 2041 1352 2120 sylla

246 2146 302 2206 bes
323 2143 476 2206 abundare
499 2143 632 2218 videret,
654 2161 715 2204 non
736 2141 845 2204 muudo
869 2141 977 2216 omisit,
999 2141 1144 2202 sedeam
1165 2162 1271 2206 vocem
1293 2163 1354 2222 qua

246 2249 337 2329 poeta
363 2265 486 2308 vamum
518 2246 748 2323 terminaverat,
783 2246 912 2307 fortasse
939 2246 1031 2306 verbo
1059 2243 1158 2322 aliquo
1187 2246 1276 2326 quale
1304 2251 1354 2308 est

247 2351 378 2414 laudaut.
415 2347 610 2412 artificiosam·
636 2369 705 2410 esse
732 2350 809 2410 hano
838 2347 1015 2420 emendandi
1042 2347 1189 2410 rationem
1212 2351 1350 2428 concedo,

245 2471 344 2533 neque
366 2458 468 2516 tamen
486 2453 585 2514 minus
607 2453 799 2514 artificiosum
820 2453 876 2527 est,
898 2451 978 2529 quod
992 2450 1061 2511 olim
1076 2452 1245 2532 suspicatus
1261 2472 1353 2530 erem,

246 2558 403 2620 Valerium
423 2557 456 2617 in
477 2576 532 2637 que
555 2556 661 2636 copula
682 2553 905 2635 transponenda
925 2553 1013 2614 nimis
1039 2555 1182 2616 audacem
1203 2555 1296 2618 inisse
1319 2559 1352 2617 et

245 2662 325 2722 bunc
345 2679 413 2720 esse
435 2658 589 2739 proprium
610 2659 769 2720 verborum
792 2655 940 2718 ordinem:
963 2678 1023 2719 uua
1042 2657 1173 2741 caudent
1192 2663 1352 2741 superique

244 2783 343 2826 omues
363 2765 485 2824 uentura
513 2764 644 2843 tempora
664 2759 848 2841 Parcaeque,
877 2778 951 2840 quoe
977 2765 1100 2826 oemunt
1122 2764 1185 2824 aba·
1203 2765 1268 2824 ciue
1289 2783 1352 2826 cre-

244 2887 332 2928 seere.
370 2866 498 2925 condem
520 2867 557 2926 ob
583 2883 705 2926 causam
728 2862 935 2924 Burmannum
961 2884 1021 2926 non
1043 2865 1160 2940 andivi,
1184 2864 1236 2945 qui
1263 2883 1353 2945 quam

246 2987 314 3028 esse
334 2967 465 3028 voluerit
493 2969 602 3029 seriem
629 2968 790 3032 verborum
817 2966 849 3028 in
876 2967 1068 3030 adnotatione
1097 2969 1285 3030 dictumest
1308 3003 1353 3012 -

245 3069 276 3130 V
302 3071 365 3134 134
388 3087 440 3129 eos
467 3075 588 3134 secutus
610 3091 692 3147 snm,
718 3070 768 3151 qui
797 3070 952 3149 egregiam
965 3067 1178 3134 'coniecturam
1200 3070 1353 3134 Carrionis

244 3171 320 3235 libro
346 3174 499 3236 servatam
512 3177 636 3257 patrius
657 3194 745 3255 quum
765 3176 881 3236 vexent
906 3178 1003 3237 umuub
1022 3179 1055 3238 iu
1078 3194 1188 3256 aequor
1208 3174 1240 3234 in
1258 3175 1353 3234 verba

244 3281 353 3358 poetae
378 3279 565 3358 receperunt.
602 3280 699 3338 restat
725 3279 760 3337 ut
787 3280 973 3358 exponatur,
1006 3298 1065 3356 quo
1095 3277 1183 3338 modo
1212 3275 1354 3338 Vaticani

246 3381 396 3459 scriptura
414 3397 491 3457 quae
514 3385 562 3440 est
574 3384 697 3463 patrius
719 3400 807 3462 quum
829 3383 972 3462 sanquine
992 3384 1107 3443 vexerat
1127 3383 1224 3444 amuis
1243 3381 1353 3440 exorta

117 3487 119 3498 ⁴
245 3501 314 3542 esse
342 3482 488 3544 videatur.
525 3482 584 3542 nisi
611 3483 698 3544 fallor
724 3483 762 3544 ad
786 3484 909 3564 paruus
932 3482 1118 3546 adiectivum
1141 3483 1353 3564 explicandum

244 3604 262 3644 e
284 3603 377 3644 versu
401 3587 461 3646 125
486 3585 637 3665 adscripta
658 3588 745 3648 erant
769 3588 812 3647 eet
834 3603 905 3646 veru
921 3603 1056 3667 propago
1078 3589 1249 3668 ouuyuuuu,
1271 3585 1352 3644 unde

244 3705 263 3747 a
284 3686 404 3767 stupido
422 3686 542 3748 librario
562 3689 704 3769 auoqurue
729 3724 769 3734 —
793 3690 948 3771 euuquiuu
972 3688 1052 3748 enim
1063 3692 1159 3752 metro
1173 3708 1233 3750 non
1248 3691 1352 3767 aptum

245 3810 314 3852 esse
336 3789 523 3850 videbat-
544 3791 721 3853 inversum
744 3792 843 3872 ipsum
865 3795 1018 3872 sumptum
1042 3797 1097 3854 est
1118 3829 1161 3838 --
1183 3790 1352 3852 uberiorem

244 3893 477 3974 disputationem
497 3893 554 3982 sibi
574 3893 693 3972 flagitat
712 3895 779 3956 libri
799 3896 920 3977 septimi
942 3914 1050 3958 versus
1074 3901 1146 3972 357,
1168 3897 1218 3976 qui
1237 3895 1269 3956 in
1288 3914 1352 3958 cor-

244 3997 426 4078 ruptissimis
448 3996 541 4059 totins
557 3997 697 4060 carminis
709 3998 912 4060 numerandus
935 4001 990 4059 eet
1026 4017 1063 4060 ac
1084 4000 1214 4080 primum
1231 3999 1352 4078 quidem

243 4153 498 4164 -ι-ιιι--ι-ι--ι--ι

244 4235 270 4303 *)
288 4236 397 4287 laetatur
405 4254 412 4298 ;
428 4235 506 4302 patrii
518 4236 677 4302 nequeenim
692 4235 784 4302 probat
797 4237 849 4288 otia
863 4238 941 4302 regni
976 4237 1031 4301 ipsa
1046 4253 1091 4287 suo
1107 4239 1187 4289 voluit
1201 4237 1353 4289 commercia

283 4337 334 4374 una
349 4337 435 4373 omnes
449 4323 561 4386 gandent
574 4323 661 4388 superi
674 4322 940 4388 venturaquelaudant
978 4323 1078 4374 mundo.

484 4652 633 4831 ῃ·
768 4572 914 4771 s
979 4712 1075 4935 q

380 4722 760 4934 εἰ
