3086 4968
273 453 376 495 mm
712 447 940 492 rnomccmon

276 637 353 701 qnae
380 620 459 680 inter
480 615 621 679 Aldinam
646 621 678 679 44
698 616 850 680 carnonis
871 614 1031 677 editionem
1052 616 1134 698 typis
1157 614 1284 697 vulgata
1304 623 1385 680 snut

276 723 459 799 Vaticanus,
479 721 602 782 mutilus
621 721 676 781 hoc
696 721 776 798 loco,
798 723 858 782 otto
882 719 1020 795 exhibet,
1040 721 1199 783 4446444444
1217 723 1294 782 liber
1312 721 1384 784 Oar-

275 825 368 887 rionis
397 828 430 885 et
454 821 599 885 editiones
621 823 839 898 Bononiensis,
867 820 1072 899 Pii‚n1dina
1108 825 1188 904 quod
1217 825 1385 886 cavendum

277 932 326 990 est
353 945 391 988 44
411 925 581 1007 recipiatur.
616 943 687 986 nam
714 929 837 1008 propter
867 929 1009 1002 44444444,
1038 926 1077 987 ad
1098 929 1213 988 enectos
1235 926 1268 986 in
1290 945 1385 988 versu

278 1033 340 1094 636
365 1031 549 1112 adpositum,
571 1029 603 1090 in
619 1048 712 1091 versu
741 1031 804 1092 435
829 1029 967 1110 Pbrypm
993 1028 1052 1088 uisi
1077 1029 1161 1092 laesa
1184 1029 1385 1092 concinnitate

277 1151 338 1196 non
362 1137 466 1214 potent
491 1151 560 1194 esse
589 1133 654 1194 sine
682 1132 822 1213 epitheto,
857 1132 948 1192 etiam
969 1131 1093 1210 gravius
1117 1133 1166 1193 444
1186 1131 1277 1208 illud,
1304 1133 1385 1213 quod

277 1239 368 1300 miron
387 1255 440 1299 eos
457 1253 518 1298 non
538 1235 652 1297 vidisse
674 1231 725 1317 qni
744 1235 903 1296 catriaalat
915 1237 1105 1316 receperunt,
1125 1253 1186 1296 non
1201 1239 1283 1297 stare
1305 1255 1384 1298 com·

276 1341 477 1422 perationem,
499 1339 558 1400 nisi
580 1339 618 1399 ad
640 1343 745 1401 mutua
766 1340 895 1400 vulnera
912 1336 969 1400 sibi
989 1338 1144 1399 inferenda
1165 1338 1304 1421 Phryges
1323 1339 1385 1422 cy-

278 1444 363 1505 beles
381 1444 427 1504 ira
442 1441 580 1521 instigari
604 1442 748 1502 dicantur.
779 1459 868 1521 qnam
892 1443 929 1504 ob
949 1459 1014 1502 rem
1035 1445 1171 1522 praestat
1189 1441 1302 1506 locant
1316 1461 1384 1504 ver·

279 1549 349 1608 bum
369 1547 407 1608 ad
429 1542 732 1608 cneocaesarea
756 1543 872 1627 quoque
894 1547 1016 1608 referre.

382 1647 508 1710 Duobus
536 1647 610 1708 loeis
639 1646 830 1727 glossematis
856 1646 986 1730 receptis
1013 1650 1109 1710 verba
1128 1649 1237 1730 poetae
1257 1647 1289 1710 in
1307 1647 1385 1711 libro

279 1751 431 1814 Oarrionis
467 1752 633 1813 deformata
665 1758 764 1813 erant:
798 1751 815 1812 I
842 1755 919 1830 144,
953 1750 1005 1812 ubi
1031 1750 1082 1813 bio
1108 1750 1217 1814 Paleas
1243 1753 1293 1814 hio
1318 1771 1386 1815 4444

277 1856 368 1917 habet
389 1855 573 1929 Vaticanus,
593 1853 663 1916 Hac
684 1853 792 1918 Peleae
811 1857 867 1917 444
882 1858 973 1937 porta
992 1853 1068 1916 liber
1091 1853 1255 1933 Carrionis,
1283 1859 1315 1917 et
1337 1856 1386 1918 VI

279 1961 359 2036 225,
387 1958 438 2019 ubi
458 1975 514 2038 pro
535 1956 701 2035 4444444414,
729 1955 869 2020 Vaticani
890 1957 1077 2034 testimonio,
1103 1957 1282 2040 splendentia
1301 1961 1385 2038 lege-

279 2061 368 2122 batur
387 2061 418 2120 in
433 2057 585 2120 Carrionis
607 2059 715 2122 codice.
745 2060 796 2121 HI
819 2063 881 2122 534
903 2079 956 2140 pro
979 2060 1087 2122 blanda
1108 2061 1213 2123 habuit
1231 2083 1300 2126 occe
1313 2063 1386 2126 Oar-

279 2163 372 2224 rionis
393 2163 484 2238 liber,
508 2164 587 2242 quod
607 2167 694 2244 patet
715 2161 885 2242 explicandi
906 2179 998 2224 44444
1019 2163 1203 2243 adscriptum
1224 2162 1328 2226 finisse.

381 2266 492 2350 Itaque
508 2283 575 2328 cnm
590 2265 705 2328 Valerii
722 2268 817 2328 verba
835 2266 865 2326 in
887 2266 963 2328 libro
984 2266 1134 2330 Oanionis
1155 2269 1267 2330 totiens
1289 2269 1386 2331 doior-

278 2374 360 2432 mata
381 2387 450 2431 4444
471 2371 709 2432 demonstratum
737 2371 792 2447 sit,
818 2389 904 2430 nemo
926 2369 1124 2450 vituperabit,
1151 2373 1231 2449 quod
1253 2373 1387 2453 quinque

278 2474 368 2548 locis,
395 2474 447 2533 nbi
468 2469 591 2534 dubium
613 2477 675 2548 444,
702 2474 799 2534 atrius
820 2471 887 2533 libri
911 2473 1061 2553 scripture
1082 2479 1236 2553 praestet,
1264 2477 1386 2538 Vatica-

278 2593 350 2637 num
373 2576 459 2655 sequi
478 2576 570 2636 malni
589 2592 678 2657 quam
701 2575 851 2638 Oanionis
874 2575 1012 2636 codicem.
1051 2593 1121 2637 nam
1142 2575 1173 2638 V
1194 2580 1234 2639 57
1250 2581 1283 2640 et
1303 2582 1344 2640 58
1368 2599 1386 2640 e

225 2695 229 2702 ’
280 2675 427 2739 Vaticano
449 2677 519 2736 dedi
538 2675 651 2739 dictitat
673 2681 706 2739 44
725 2684 872 2762 oonteyat,
895 2697 963 2741 cnm
983 2679 1094 2742 dicabat
1114 2681 1146 2740 et
1163 2684 1291 2763 44444944
1308 2681 1387 2742 Bur·

278 2797 406 2841 mannus
429 2797 446 2840 e
466 2779 541 2840 libro
557 2777 751 2860 Conlocat)
774 2783 928 2862 receperit
950 2815 993 2828 ·-
1014 2781 1046 2842 in
1068 2783 1385 2847 eodemlibrov.196

277 2901 338 2944 444
371 2884 461 2945 aliam
490 2885 527 2944 ob
558 2899 680 2944 cansam
714 2885 773 2946 nisi
800 2886 880 2966 quod
904 2885 1071 2947 Vaticanus
1099 2883 1220 2946 maioris
1245 2888 1294 2947 est
1316 2883 1389 2948 fidei

280 3003 370 3066 qnam
392 2983 544 3048 canionis
572 2988 669 3046 codex
697 3007 737 3048 ex
765 2989 815 3049 illo
836 2983 956 3050 restitui
971 3007 1113 3072 puerum,
1139 2989 1217 3068 qnod
1235 2989 1348 3069 pendet
1369 3006 1389 3050 a

279 3091 402 3166 444444,
430 3105 498 3150 enm
518 3085 567 3150 hio
590 3089 732 3151 exhibeat
746 3093 862 3175 parere,
892 3093 971 3172 quod
988 3091 1120 3172 pertinet
1141 3091 1179 3152 ad
1189 3091 1272 3171 fave.
1306 3093 1387 3152 4444-

279 3211 347 3253 rnm
368 3192 399 3252 in
420 3191 457 3252 iis
480 3209 558 3270 quae
579 3209 705 3274 parcam
726 3211 831 3255 vocem
852 3195 1034 3254 antecedunt
1055 3211 1114 3255 non
1137 3194 1283 3254 debebam
1302 3193 1388 3256 dnbi-

278 3299 344 3356 tare
364 3295 528 3376 palmarem
551 3294 694 3357 Ilniderici
717 3297 845 3382 lacobsii
872 3297 1109 3358 emendationem
1131 3296 1388 3376 recipere‚-quae

278 3400 328 3460 est
347 3416 439 3460 4444
460 3401 639 3480 manna.
663 3433 704 3444 --
728 3401 757 3463 V
784 3406 845 3464 692
865 3419 932 3462 cnm
954 3399 1096 3462 carrione
1121 3404 1153 3462 et
1173 3398 1313 3480 Baptista
1332 3397 1387 3462 Pio

278 3499 460 3582 Pialepracao
481 3502 566 3580 dadi,
596 3521 664 3563 oum
684 3503 714 3564 in
734 3503 882 3566 Vaticano
904 3505 1025 3582 legatur
1041 3504 1190 3586 phlepyoo
1211 3506 1276 3584 qai,
1305 3503 1388 3564 unde

276 3601 389 3662 leniore
401 3605 565 3666 mutatione
579 3607 646 3667 elici
666 3609 768 3687 potest
781 3606 928 3687 Phleproc
941 3605 1002 3686 pai,
1023 3608 1059 3666 44
1074 3603 1148 3668 haec
1165 3607 1204 3667 sit
1218 3607 1387 3668 snucbma:

277 3707 349 3765 tunc
371 3706 459 3767 adest
472 3705 627 3768 Musarum
647 3709 764 3784 choras,
788 3709 838 3788 qui
860 3709 1005 3770 adsuetus
1026 3711 1075 3770 est
1093 3708 1242 3788 Phlegrae
1266 3725 1388 3789 pugnas

275 3807 409 3869 reddere.
446 3807 480 3869 oi
494 3806 512 3868 I
526 3811 588 3871 664
606 3812 780 3894 Iuprb'poot
792 3811 871 3873 bella
885 3813 979 3873 tracis
991 3811 1192 3894 Phlopraequc
1204 3814 1328 3875 laboras.
1341 3845 1387 3859 --

280 3910 325 3972 VI
349 3913 408 3973 651
436 3929 512 3992 qnae
535 3913 565 3973 in
590 3913 740 3976 (lanionis
765 3909 840 3975 libro
862 3914 984 3976 inerunt
993 3911 1091 3994 flacit
1111 3917 1144 3977 ia
1165 3915 1279 3979 admoti
1297 3921 1388 4000 capot

278 4059 530 4081 Q

378 4155 404 4224 *)
423 4144 551 4210 Garrioinis
577 4157 784 4225 castigationem,
813 4162 871 4228 quia
896 4163 923 4213 in
949 4163 1128 4212 commentario
1153 4159 1292 4211 Burmanni
1317 4133 1384 4212 ¹falsa

274 4237 381 4302 legitur,
400 4242 526 4308 integram
545 4245 655 4297 subicio:
671 4243 730 4294 ‘noa
748 4249 838 4297 4444444
857 4249 961 4298 ammo.
993 4247 1056 4297 haec
1072 4251 1111 4297 444
1128 4247 1255 4312 scriptura
1266 4249 1313 4296 vet.
1326 4247 1383 4298 coil.

274 4323 371 4389 ungari
384 4332 467 4379 antem
478 4347 528 4380 aon
540 4334 632 4382 644444
644 4333 740 4382 utram
751 4333 857 4394 Ossaque
868 4347 913 4383 acc
924 4336 1015 4384 ramulo
1027 4349 1072 4384 ma
1084 4347 1169 4396 sapon
1180 4340 1290 4407 44444444
1301 4330 1382 4382 44444·
