3110 4972
538 412 760 455 snaonavuwon
781 413 867 455 LIBER
880 414 924 456 111.

258 583 329 646 pars
351 566 450 627 tenuis
472 565 562 628 flatus
584 569 615 628 et
636 567 733 629 adhuc
758 568 917 629 stridentia
941 573 1065 650 prensat

259 671 400 749 volnera,
423 690 493 753 pars
515 691 584 732 sera
604 676 776 752 conponunt
796 674 908 735 lumina
920 673 1046 734 dextra.

260 777 385 836 atvero
407 776 438 835 in
461 775 567 835 mediis
589 776 722 854 exangui
742 794 815 855 rege
835 781 955 859 reperto
1217 780 1280 838 280

260 879 440 958 aggeribus,
462 879 542 940 tristi
564 879 674 939 sileant
697 899 753 940 ceu
777 881 878 941 cetera
899 881 1028 962 planctu,

260 985 303 1044 sic
324 983 469 1046 famulum
490 985 679 1064 matrumque
701 983 799 1062 dolor,
823 984 865 1045 sic
887 985 982 1044 omnis
1005 982 1043 1043 ad
1064 993 1156 1042 unum

261 1107 351 1150 versa
376 1105 492 1148 manus.
538 1088 617 1147 circa
639 1085 768 1147 lacrimis
790 1104 825 1146 ac
845 1086 995 1148 mentibus
1018 1087 1102 1165 aegri

260 1195 342 1254 stant
363 1190 489 1272 Minyae
512 1191 682 1269 deflentque
705 1190 789 1250 nefas
811 1182 843 1250 et
863 1189 996 1270 'cuspidis
1018 1190 1095 1252 ictus

260 1295 412 1358 Aesoniae
434 1296 605 1372 sortemque
629 1292 713 1353 ducis
737 1292 872 1354 solantur
892 1294 1036 1356 acerbam.
1217 1300 1279 1358 285

259 1399 309 1459 ille
328 1398 380 1461 ubi
401 1401 556 1459 concretos
578 1396 682 1477 pingui
702 1395 761 1456 iam
783 1396 929 1476 sanguine
951 1379 1048 1458 crines

260 1503 468 1584 pallentesque
487 1520 581 1582 genas
603 1500 787 1580 infractaque
808 1502 929 1580 pectore
951 1520 1019 1563 caro

261 1608 322 1668 tela
343 1626 442 1688 neque
463 1600 621 1669 hesternos
644 1603 769 1682 agnovit
789 1603 820 1664 in
841 1603 959 1684 hospite
981 1606 1093 1682 vultus,

240 1696 244 1700 ¹
261 1711 387 1797 ingemit
408 1714 498 1791 atque
520 1713 605 1772 artus
622 1708 703 1768 fatur
724 1706 888 1787 conplexus
911 1709 1021 1768 amicos

256 1807 300 1875 ‘te
322 1819 426 1876 tamen
450 1816 589 1894 ignarum
610 1809 701 1888 tanti,
721 1809 904 1885 miserande,
926 1811 1035 1872 furoris
1217 1819 1281 1876 290

261 1939 323 1980 nox
344 1920 437 1981 habet
456 1921 487 1980 et
509 1919 589 1979 nullo
612 1916 775 1976 testantem
794 1914 915 1974 foedera
937 1918 1064 1994 questu:

261 2025 293 2083 at
311 2022 381 2084 mihi
401 2021 563 2084 luctificum
584 2007 668 2081 venit
689 2018 781 2079 iubar.
825 2036 863 2077 en
884 2020 991 2099 quibus
1014 2020 1120 2080 adsum

261 2125 441 2206 conloquiis?
465 2125 512 2186 cui
531 2143 579 2184 me
600 2121 730 2203 hospitio
752 2119 887 2181 Fortuna
908 2123 1045 2182 revexit?

262 2229 439 2308 extinguine
460 2246 528 2290 mea
550 2227 633 2305 (fatis
654 2227 685 2287 id
706 2225 801 2285 deluit
821 2225 926 2300 unum)

263 2311 436 2413 speravite
457 2349 548 2412 posse
568 2331 674 2392 manu?
695 2329 805 2390 talisve
826 2327 933 2408 reliqui
1218 2339 1279 2398 295

263 2437 317 2502 has
336 2455 393 2516 ego
403 2481 412 2510 ‚
432 2434 524 2496 amice
535 2480 543 2509 ‚
566 2433 686 2494 domos?
712 2432 790 2512 quod
807 2411 838 2490 ii
861 2432 920 2493 iam
940 2433 1019 2494 bella
1040 2436 1208 2516 manebant,

263 2542 295 2600 et
316 2540 456 2620 ¹placitum
478 2537 534 2598 hoc
553 2537 685 2617 superis,
705 2554 805 2596 nonne
826 2536 901 2598 haec
919 2555 986 2597 mea
1007 2537 1115 2600 iustius
1135 2546 1239 2605 esseut

266 2644 387 2719 funera,
409 2662 516 2725 meque
537 2630 609 2704 tuus
629 2640 729 2723 potius
753 2658 832 2700 nune
853 2640 1012 2721 plangeret
1031 2646 1131 2705 error?

264 2766 319 2806 nec
341 2744 431 2808 Clarii
450 2766 529 2807 nuno
546 2749 633 2806 antra
654 2744 703 2804 dei
725 2763 910 2825 quercusque
934 2746 1065 2807 tonantis

263 2851 423 2929 arguerim.
468 2851 584 2911 talesne
606 2849 701 2927 acies,
723 2848 839 2908 talesne
862 2848 1029 2929 triumphos
1219 2859 1283 2917 300

265 2955 347 3014 sorte
369 2953 499 3016 dabant?
523 2955 698 3032 tantumque
721 2952 806 3012 nefas
826 2970 911 3011 mens
930 2952 1049 3013 conseia
1069 2955 1173 3015 vatum

190 3125 446 3137 ———-—-=·

283 3249 331 3294 278
357 3243 432 3293 flatos
450 3243 484 3291 0.·
514 3241 586 3290 fletus
612 3240 660 3290 VP
744 3239 879 3290 stridenoia
901 3241 926 3290 V
1007 3241 1128 3305 prensant
1153 3257 1166 3289 c

177 3388 227 3434 279
247 3380 359 3432 Vulnera
378 3383 403 3433 P
503 3384 553 3430 284
571 3377 663 3427 minias
685 3380 709 3429 V
809 3382 858 3428 285
877 3335 974 3428 αοθξαιη
996 3381 1020 3430 V
1125 3384 1173 3429 286
1194 3381 1284 3446 pinqui

182 3471 207 3519 V
308 3473 356 3520 287
375 3468 533 3532 inspectaque
549 3466 672 3514 Heinsius
773 3468 822 3513 288
839 3465 890 3515 tela
907 3481 986 3530 neque
1006 3475 1041 3533 qu:
1074 3465 1228 3530 Taeleneque
1253 3469 1282 3527 V,

177 3554 336 3618 Taeloneque
359 3555 404 3614 H,
428 3551 550 3602 Tacleuae
576 3566 639 3614 quae
664 3555 689 3602 P
807 3555 857 3600 290
883 3551 947 3600 tanti
965 3554 1026 3601 Pus:
1051 3554 1121 3600 tante
1143 3554 1168 3603 V

178 3699 226 3744 291
247 3653 337 3761 Ιιῇψοῐ
358 3695 384 3744 V
449 3651 535 3742 ledere
555 3692 620 3742 V'
688 3695 736 3740 292
755 3691 829 3740 iubar
846 3706 877 3740 en
894 3692 928 3741 Μ
932 3707 940 3742 .·
963 3692 1076 3742 iuuarint
1097 3694 1148 3745 VP.
1173 3691 1283 3752 fortusse

148 3830 258 3881 iubar.
293 3832 342 3881 heu
426 3835 475 3881 299
494 3830 531 3880 tui
549 3833 573 3880 P
626 3777 733 3894 hospitio
756 3832 781 3882 V
881 3836 931 3882 294
951 3832 1124 3896 Extinguinea
1147 3834 1172 3883 V
1187 3831 1213 3896 (a
1225 3841 1284 3892 post

179 3917 292 3976 uicina)
370 3913 429 3964 latis
448 3916 475 3965 id
498 3918 580 3965 Bon:
606 3915 691 3966 fatisia
713 3919 743 3977 V,
766 3916 825 3965 fatis
850 3917 901 3966 iam
921 3919 979 3978 Pu,
1007 3916 1066 3966 satis
1090 3919 1177 3968 hooO

180 4006 230 4051 295
249 4001 340 4050 talisne
358 4001 480 4049 Heinsius
548 4001 657 4068 relinqui
674 4006 699 4053 P
807 4009 856 4054 299
877 4018 938 4066 ergo
957 4005 981 4051 P
1053 4001 1114 4068 iam}
1135 4001 1215 4065 impia
1235 4019 1285 4052 non
1337 4062 1338 4065 Ἴ

179 4089 261 4135 nullos
277 4089 364 4152 lenisse
383 4088 445 4134 Pius
463 4085 534 4134 testis
551 4095 602 4148 est,
627 4105 667 4138 me
683 4091 804 4138 Heinsius
909 4093 958 4138 297
977 4091 1061 4136 esseut
1078 4089 1125 4136 M.-
1142 4091 1207 4136 esset
1232 4091 1284 4150 VP,

179 4173 273 4221 hic—
293 4171 371 4220 issent
388 4173 509 4221 Heinsius
604 4179 654 4224 298
673 4173 823 4224 Vulnerat*
890 4173 976 4236 potius
993 4173 1027 4220 0:
1044 4188 1088 4220 oen.
1107 4173 1153 4222 VP
1167 4159 1285 4235 (spatium

182 4265 234 4306 octo
252 4259 380 4306 literarum
398 4259 426 4305 in
443 4259 486 4318 P),
505 4257 595 4308 melius
615 4268 637 4325 ψ
725 4263 776 4308 900
795 4258 922 4321 arguerim
942 4259 1047 4320 senum:
1065 4257 1203 4319 Arguerem
1219 4261 1282 4312 VPu.

180 4340 213 4402 ef.
238 4344 311 4408 Vere.
332 4344 397 4391 Aen.
419 4342 458 4392 XI
479 4347 527 4393 164
580 4344 655 4394 talem
669 4357 700 4391 ne
718 4343 783 4392 acies
800 4346 825 4392 P
897 4347 945 4391 301
963 4344 1093 4392 tantamne
1110 4344 1231 4394 Heinsius

235 4429 307 4478 msa,
328 4429 378 4472 vso.
393 4429 427 4470 m.
678 4425 679 4430 ’
1059 4419 1077 4475 6

239 4676 250 4716 l
