3086 4968
628 433 632 440 ’
653 421 744 466 mm*
762 422 807 466 m.
997 373 1002 394 1
1208 413 1282 466 xum

170 601 251 684 quod
277 598 375 664 elon
405 591 554 672 singulari
578 604 703 656 numero
730 587 851 652 diceret
890 589 965 652 haec
993 592 1095 652 nmen
1123 589 1283 672 explicatio

170 723 240 766 cum
259 719 367 784 parum
389 695 519 777 simplex
537 693 586 769 sit,
606 693 643 762 ts
665 692 758 758 malni
780 691 933 768 adsentiri,
956 692 1007 773 qui
1025 696 1160 774 promont
1169 694 1284 758 Valerii

171 825 241 868 esse
264 803 423 883 negarunt
456 799 594 860 seduna
616 797 669 861 ant
692 797 789 860 altera
810 795 913 860 littera
932 797 1048 859 mutata
1072 793 1146 858 nihil
1167 795 1283 876 prolici-

171 929 240 973 mus
265 907 298 968 in
324 921 417 968 manu
443 901 509 964 eius
530 899 744 980 recuperanda.
780 899 917 978 poteram
936 901 1038 960 autem
1060 897 1140 960 huno
1162 916 1285 964 versum

174 1013 254 1077 inter
281 1028 333 1070 eos
363 1007 510 1080 tractare,
548 1000 612 1081 quie
627 1001 820 1080 glossematis
849 1019 927 1079 quae
961 1001 1102 1062 dicuntur
1126 1001 1159 1064 in
1190 1006 1285 1068 verba

173 1115 281 1196 postne
305 1109 407 1172 inlatis
427 1103 560 1186 corrupti
582 1106 662 1166 sunt.
698 1107 817 1170 amum
846 1103 926 1164 enim
947 1101 1284 1187 Valeriumssc'ripsisse

173 1215 295 1292 oonioio,
318 1212 398 1292 quod
419 1211 519 1291 ipsum
542 1209 574 1268 et
595 1208 692 1274 ooloot
713 1208 840 1268 verbum
861 1205 1008 1284 singulari
1025 1217 1149 1270 numero
1163 1210 1284 1274 dictum

174 1319 243 1382 inde
269 1321 344 1399 puto
367 1311 597 1394 explicationem
619 1309 747 1384 habere,
773 1308 853 1388 quod
879 1310 969 1388 poeta
990 1311 1143 1372 structura
1165 1315 1285 1378 turbata

174 1442 230 1504 pro
251 1439 319 1482 oum
333 1414 454 1499 Aepoac
476 1411 612 1494 posuerit
632 1415 661 1474 et
679 1409 791 1494 Aegon.
829 1413 964 1493 poemen
984 1415 1085 1474 autem
1106 1422 1199 1497 supra
1217 1421 1285 1481 ‘ver-

174 1545 243 1591 sum
267 1522 375 1602 aliquis
397 1517 569 1598 scripserat,
591 1533 650 1600 quo
672 1515 860 1595 participium
881 1515 955 1578 illud
973 1534 1028 1597 pro
1043 1519 1197 1582 annuntiato
1217 1539 1285 1583 oon-

175 1625 294 1690 oessivo
325 1637 399 1684 esse'
423 1618 615 1701 significaret
652 1637 761 1680 versus
783 1617 835 1696 qui
854 1618 1004 1698 sequitur,
1030 1619 1141 1701 inquo
1158 1640 1211 1684 neo
1230 1642 1285 1706 pro

174 1734 203 1794 u
224 1728 355 1790 Ioannes
378 1723 541 1790 Ooluoubus
571 1721 697 1800 egregie
725 1720 864 1796 coniecit,
892 1723 1017 1801 propter
1041 1723 1220 1788 brevitatem
1241 1728 1286 1790 di·

174 1832 264 1896 cendi
286 1827 486 1893 memorabilis
511 1829 576 1900 est;
603 1826 679 1886 haec
708 1824 788 1886 enim
807 1823 839 1892 ni
860 1823 946 1886 fallor
972 1827 1080 1903 poetae
1101 1847 1201 1890 mens:
1224 1850 1287 1894 nso

173 1932 305 2014 geminis
331 1929 474 2011 Syrtibus
502 1929 603 1990 undae
629 1928 786 2003 deessent,
823 1925 851 1986 si
881 1927 983 1988 tantas
1010 1945 1104 2008 aquas
1133 1929 1287 2010 haberent,

176 2041 305 2120 quantas
321 2035 435 2097 Pontus
450 2030 598 2096 Euxinus.
616 2063 660 2075 -
683 2032 744 2092 719
766 2030 846 2109 lyceo
865 2029 989 2092 exhibet
1003 2029 1183 2114 Vaticanus,
1205 2037 1286 2099 unde

176 2141 308 2204 Vossius
331 2136 531 2220 Lymar'iaoili
552 2133 673 2213 quidem
693 2130 861 2194 mutatione
878 2131 994 2208 ehouit;
1015 2135 1070 2199 sed
1095 2137 1189 2218 Tyres
1208 2140 1287 2217 dedi,

175 2246 257 2327 quo'd
279 2241 462 2306 nassum
453 2260 486 2302 m
507 2237 609 2301 codice
632 2235 733 2315 aliquo
754 2254 789 2296 se
811 2234 924 2313 legisse
946 2235 1107 2300 affirmavit
1094 2240 1222 2319 aquia
1238 2261 1286 2303 re·

176 2347 247 2410 lioui
274 2345 326 2426 qni
355 2345 412 2408 hoc
435 2361 529 2406 versu
557 2339 748 2402 nominantur
775 2337 880 2413 fluvi,
908 2337 956 2398 Ist
943 2339 990 2402 ter
1010 2339 1151 2422 Hypanis
1175 2343 1286 2408 nansia

177 2450 277 2517 Melas
299 2467 402 2513 omnes
423 2467 441 2509 a
463 2443 678 2531 septemtrione
697 2441 830 2504 veniunt.

277 2552 342 2614 Lib.
362 2550 391 2612 V
414 2553 476 2613 185
498 2546 758 2629 Eyssenhardtius
773 2543 940 2626 flumineos
953 2543 1062 2625 flamm
1083 2551 1210 2616 coniecit
1231 2571 1286 2634 pro

171 2655 318 2740 populace
331 2643 484 2734 βψω(
487 2671 548 2712 non
565 2637 652 2712 enim’
672 2648 770 2730 inquit
780 2640 980 2728 ‘intellegitur
997 2670 1051 2712 our
1069 2653 1168 2716 flexus
1189 2656 1288 2718 fiumi-

176 2759 225 2822 nis
247 2758 386 2821 dicamm
406 2775 468 2818 non
486 2754 620 2818 fluminis
638 2753 738 2814 flexus
759 2753 815 2814 sed
833 2743 1028 2834 populorum’
1063 2759 1197 2821 sednon
1210 2759 1288 2822 vidit

177 2862 225 2924 vir
245 2861 441 2924 doctissimus
451 2859 597 2942 populeos
608 2853 717 2935 flemus
735 2854 892 2920 Valerium
913 2858 1029 2920 dixisse
1052 2859 1187 2941 populos,
1209 2879 1287 2942 quae

177 2966 209 3026 in
233 2967 346 3032 orbem
373 2962 507 3026 consitae
538 2960 696 3040 cingerent
730 2958 817 3039 quasi
844 2959 948 3022 Phrixi
970 2963 1132 3025 tumulum.
1168 2967 1287 3047 populis

178 3069 281 3131 autem
307 3068 365 3129 hoo
394 3064 586 3146 sepulchrum
608 3059 823 3124 circumdatum
851 3063 945 3126 hrisse
972 3068 1062 3145 poeta
1080 3065 1184 3145 finxit,
1208 3072 1289 3150 quod

178 3187 245 3232 sam
273 3171 411 3232 arborem
440 3167 596 3246 funebrem
621 3183 690 3226 esse
712 3167 833 3226 veteres
859 3169 1013 3246 putabant
1045 3170 1096 3231 cfr.
1118 3169 1218 3234 Seruii
1248 3174 1288 3236 ad

177 3273 252 3334 Aen.
265 3273 296 3336 V
311 3277 374 3336 134
395 3270 563 3335 adnotatio:
578 3261 644 3331 ‘aut
657 3269 789 3351 populea
807 3269 924 3332 velatur
931 3270 1046 3349 fronde
1065 3274 1201 3335 suamne
1218 3275 1289 3355 quia

176 3374 241 3438 ludi
262 3374 403 3436 hmebres
426 3376 511 3451 sunt,
534 3375 567 3434 et
586 3373 662 3435 haec
684 3373 772 3434 arbor
795 3373 832 3433 ab
853 3371 986 3436 Hercule
1010 3374 1048 3437 ab
1069 3373 1173 3436 inieris
1196 3377 1289 3440 allata

176 3481 241 3553 est,
272 3497 340 3540 eum
370 3493 477 3540 canem
510 3473 675 3538 Cerberum
702 3477 898 3546 extraheret?
935 3491 1006 3538 nam
1035 3477 1068 3538 et
1094 3475 1162 3558 ipsa
1199 3479 1288 3544 arhor

176 3579 346 3644 Acherusio
374 3567 515 3642 vocatur?
548 3577 685 3660 flumina
717 3579 750 3640 in
779 3597 872 3641 versu
900 3579 951 3657 qui
980 3578 1117 3660 sequitur
1140 3579 1288 3646 Heinsius

177 3704 237 3748 non
266 3684 370 3746 debuit
402 3685 529 3744 mutare.
567 3699 639 3744 nam
672 3686 707 3744 ut
738 3681 899 3744 concedam
927 3679 1137 3747 Burmannum
1168 3700 1288 3748 errasse
1423 3747 1427 3756 ,

124 3859 128 3868 ,
177 3808 246 3850 oum
263 3788 296 3850 in
316 3805 410 3848 versu
433 3787 495 3848 148
517 3785 630 3848 mordeo
651 3787 736 3849 iocus
758 3787 789 3846 et
809 3787 868 3848 hoo
889 3785 954 3848 loeo
974 3789 1102 3850 menno
1113 3785 1289 3867 flumrirca

177 3891 263 3957 silvis
285 3909 322 3952 ea
343 3889 533 3969 cingentibus
556 3887 636 3948 diota
657 3899 727 3950 esse
749 3888 931 3968 explicaret,
962 3907 1022 3950 non
1043 3889 1132 3951 video
1153 3909 1208 3952 cur
1227 3909 1288 3952 nnn

176 3991 283 4056 Phasis
312 3993 351 4055 ab
382 4009 530 4071 equarum
557 3991 656 4054 colore
677 3991 781 4078 virens
804 3991 937 4068 dicatur,
965 3995 1002 4054 ut
1021 3991 1068 4053 IV
1092 3995 1154 4054 tra
1166 3990 1288 4072 flocum

182 4096 281 4176 Tyren
310 4094 455 4156 habemus
482 4097 515 4156 et
542 4093 696 4158 sexcentis
725 4097 778 4156 vet
779 4114 864 4156 erum
890 4097 1047 4175 poetarum
1074 4094 1148 4156 locis
1167 4091 1288 4174 flocum

181 4195 381 4258 Taborim.-
401 4194 737 4277 239Eyssenhardh'us
757 4199 883 4260 coniecit
902 4215 1111 4281 qnmonnrque
1125 4205 1289 4281 procorum

175 4300 262 4362 nocto
274 4301 344 4382 peto
363 4302 481 4362 moreat
499 4318 595 4381 proq.
606 4321 639 4383 p.
657 4306 749 4385 porto
765 4287 850 4385 petat
871 4304 995 4377 monent,
1013 4317 1083 4364 cum
1100 4301 1289 4386 Medeapro
