3086 4968
253 436 322 482 XCVI
698 438 924 484 recondemur

252 625 318 670 ram
337 605 460 669 Valerio
479 605 671 668 Burmannus
692 611 775 670 recte
797 607 968 670 vindicavit.
998 607 1035 670 cf.
1046 606 1134 671 Ovid
1154 612 1225 671 mat
1241 613 1303 673 335
1316 631 1362 692 sq.

252 710 418 792 Clymene.
442 756 450 772 .
472 710 484 772 .’
502 709 642 791 lupatria
664 713 693 772 et
716 731 817 775 amena
844 715 873 774 et
892 712 1007 775 lacicta
1027 715 1111 774 maus
1130 715 1225 776 totam
1238 733 1362 796 percen-

251 818 314 877 oust
332 815 449 878 orbem
468 815 676 894 exanimesque
695 818 782 877 amus
796 817 910 896 primo,
932 834 1003 878 moa
1025 834 1092 878 croc
1110 816 1275 896 requerere,
1295 837 1362 900 rep-

246 920 331 1000 pen't
351 936 418 980 osec
441 919 538 979 tameo
553 919 718 1000 pereprina
739 918 856 980 condita
875 921 953 1001 rapa.
994 919 1100 979 contra
1118 937 1174 1000 pro
1190 920 1323 1002 protulit
1343 939 1361 981 a

251 1021 426 1083 Monacensi
441 1019 582 1103 propulsi
600 1017 816 1099 recipiendum,
845 1021 904 1082 etsi
923 1021 1079 1083 machinae
1096 1021 1185 1083 ruina
1205 1022 1361 1100 ingentem

251 1125 356 1186 urbem
377 1143 516 1187 eversam
537 1141 607 1182 esse
629 1121 704 1183 satis
722 1123 824 1205 inepte
846 1124 959 1186 dictum
981 1127 1037 1185 est
1067 1138 1138 1185 nam
1150 1122 1269 1186 Heinsii
1291 1144 1362 1187 con-

226 1212 230 1220 ⁸
251 1227 367 1289 iectura
387 1229 533 1309 repentem
547 1227 679 1309 protulit
699 1229 837 1290 ambrum
852 1225 942 1288 'nitrili
962 1227 1019 1302 est,
1040 1226 1111 1307 quia
1131 1228 1269 1290 machina
1292 1219 1362 1304 cum

251 1333 314 1391 stat
339 1330 482 1391 maiorem
508 1329 644 1390 umbram
672 1330 744 1391 lacit
774 1348 865 1408 quam
890 1347 958 1390 cum
986 1329 1073 1390 cadit.
1097 1361 1139 1374 -
1161 1333 1225 1392 394
1245 1329 1360 1394 delanti]

250 1431 404 1515 displicuit
423 1431 586 1508 Dorvillio‚
614 1432 665 1514 qui
688 1429 968 1494 anconiscis
990 1431 1066 1493 haec
1094 1431 1264 1496 adnotavit:
1287 1427 1361 1496 ‘non

249 1538 329 1598 bolla
357 1538 414 1598 hac
441 1553 517 1597 voce
544 1554 621 1596 usus
650 1537 699 1596 est
727 1535 886 1609 Valerium
920 1553 991 1597 nam
1016 1535 1124 1596 miscet
1151 1538 1304 1620 propriam
1328 1543 1361 1602 ct

251 1635 484 1721 metaphoricam
506 1637 685 1700 locutionem
706 1637 739 1699 in
761 1657 798 1701 ea
818 1638 886 1718 ipsa
906 1645 950 1714 re,
972 1639 1004 1700 in
1026 1658 1086 1719 qua
1106 1639 1167 1701 iam
1185 1641 1361 1704 instituerat

251 1744 511 1824 comparationem.
544 1744 624 1804 idom
643 1739 737 1822 igitur
758 1743 807 1802 cst
829 1746 865 1803 ac
886 1741 913 1802 si
935 1741 1001 1821 quis
1018 1743 1145 1804 scribat:
1166 1763 1222 1805 ceu
1235 1744 1361 1826 rapidus

250 1847 369 1910 torrens
388 1847 474 1921 ruit}
492 1846 545 1908 tali
575 1848 708 1907 torrente
736 1841 840 1905 hostes
869 1845 978 1906 sternit
1000 1865 1054 1925 pro
1078 1847 1132 1908 tali
1153 1847 1276 1928 impetu.
1310 1849 1359 1910 hio

249 1951 399 2034 potuisset
416 1953 524 2032 impete
548 1969 605 2011 noa
627 1936 705 2012 clio'
727 1981 771 1992 »-
797 1950 859 2008 441
882 1967 950 2009 cum
970 1948 1090 2010 relicuis
1113 1949 1277 2012 editoribus
1289 1949 1359 2030 fre-

249 2057 341 2117 mitus
353 2053 424 2114 dedi
440 2073 457 2113 e
471 2051 573 2114 codice
586 2050 742 2126 Carrionis
753 2071 808 2132 pro
818 2049 926 2131 fletus,
946 2051 1025 2132 quod
1037 2053 1070 2113 in
1077 2052 1226 2115 Vaticano
1237 2052 1358 2134 legitur.

249 2159 305 2220 sed
326 2155 429 2218 dubito
449 2176 522 2217 num
543 2141 697 2216 murmura
708 2155 826 2234 magica
842 2154 894 2216 vel
913 2159 1049 2237 moyseus
1065 2155 1187 2233 rte-ider,
1211 2156 1263 2237 qni
1273 2159 1359 2238 apud

251 2260 403 2340 Tibullum
429 2262 479 2321 est
505 2257 580 2334 12,
605 2263 657 2335 47,
677 2257 826 2338 fremitus
846 2260 942 2320 recte
957 2259 1089 2336 dicatu,
1119 2279 1189 2320 cum
1216 2279 1254 2321 ea
1281 2281 1358 2323 voce

248 2383 377 2446 magnus
399 2363 525 2439 clamor,
553 2361 604 2443 qui
625 2363 725 2424 metus
748 2362 788 2423 sit
807 2364 861 2424 aut
882 2362 946 2424 irae
969 2365 1022 2425 aut
1043 2361 1273 2443 indignationis,
1293 2366 1357 2445 ple-

250 2487 376 2548 rumque
404 2465 598 2545 significetur.
634 2464 702 2526 ideo
731 2462 771 2528 ud
795 2468 905 2528 suamc,
926 2467 1084 2550 proposui,
1117 2466 1197 2547 quod
1221 2466 1357 2529 eiusdem

249 2567 388 2633 carminis
411 2567 521 2630 Tibulli
539 2589 568 2630 v.
588 2570 630 2630 59
651 2589 693 2649 sq.
717 2569 860 2630 defendo:
888 2589 991 2653 nempe
1011 2572 1083 2632 haec
1103 2569 1204 2632 eadem
1225 2589 1258 2632 se
1277 2570 1359 2636 dicit

248 2691 364 2736 amores
386 2673 535 2748 cantabas,
558 2669 729 2734 calleatis
750 2672 863 2734 soluere
877 2691 966 2754 posse
986 2691 1073 2736 meos.

337 2775 416 2838 ·Lib.
438 2773 503 2837 VH
529 2793 557 2836 v.
581 2778 643 2837 156
665 2795 709 2854 sq.
735 2774 851 2857 wando
877 2773 969 2837 ordor
995 2775 1095 2850 Iubet,
1128 2775 1277 2857 leviorque
1297 2796 1357 2859 pu-

247 2881 319 2945 dore·
334 2899 470 2969 mensque
489 2879 599 2942 adama
615 2879 694 2942 mulo
717 2878 857 2941 aVossio
876 2880 908 2938 et
919 2877 1047 2974 lieinsio
1065 2879 1244 2941 coniecturis
1259 2880 1356 2958 temp⁴

248 2983 304 3046 tati
326 2986 411 3060 sunt,
442 2980 549 3064 quibus
575 3001 636 3044 non
664 3001 740 3064 opus
768 2987 832 3058 est,
862 2999 1041 3063 quamquam
1067 3001 1129 3043 non
1156 3001 1234 3062 nego
1261 2982 1356 3043 verba

248 3083 301 3148 illa
322 3107 390 3149 oum
410 3089 534 3169 propter
555 3107 610 3169 que
632 3085 769 3169 copulam
791 3086 947 3147 traiectum
967 3088 1033 3146 tum
1054 3087 1179 3167 proptor
1201 3089 1245 3148 est
1266 3085 1355 3146 omis-

248 3209 316 3254 sum
336 3190 491 3254 intellectu
504 3190 669 3254 difficiliora
688 3209 764 3252 esse.
802 3190 877 3250 haec
890 3188 992 3249 autem
1010 3188 1059 3247 est
1071 3205 1176 3250 eorum
1188 3188 1355 3250 sententia:

247 3294 365 3374 quando
386 3295 475 3356 ordor
495 3297 604 3358 amoris
626 3296 717 3358 hebet
737 3313 882 3375 mensque
901 3291 998 3352 levior
1018 3289 1125 3371 pudori
1147 3294 1195 3353 est
1214 3291 1270 3352 io.
1287 3310 1355 3371 pro-

246 3395 351 3457 clivior
379 3397 418 3458 ad
440 3399 586 3479 pudorem
615 3401 647 3460 et
672 3399 751 3458 malo
773 3397 791 3457 i
810 3416 835 3458 s.
860 3394 954 3458 amori
982 3393 1110 3456 obnixa-¹
1132 3394 1248 3478 pudori
1275 3394 1355 3456 enim

247 3499 286 3560 ad
305 3500 400 3562 leuior
420 3501 620 3578 referendum,
632 3505 667 3563 ut
680 3500 857 3579 Wagnerus
878 3497 963 3574 uidit,
984 3516 1043 3558 non
1064 3497 1103 3558 ad
1117 3501 1252 3574 obnoaic,
1274 3497 1354 3578 quod

246 3601 437 3664 Bmmannns
458 3606 564 3681 voluit,
587 3605 636 3666 cui
654 3606 729 3667 leoco
749 3619 832 3665 merae
851 3601 1025 3664 inconstans
1041 3618 1111 3662 esse
1129 3601 1298 3663 videbatur.
1311 3635 1355 3646 -—

248 3711 311 3769 226
335 3707 476 3769 Vaticani
504 3709 653 3789 scriptura
685 3707 811 3767 reducta
835 3705 905 3766 dedi
932 3708 1039 3787 queppe
1054 3705 1158 3768 ,aaa
1187 3707 1355 3788 repetentur
1376 3725 1379 3732 ’

246 3807 371 3875 munera
388 3805 518 3887 ‘dicum
550 3811 658 3890 quibus
692 3808 794 3872 verbis
822 3807 894 3869 Pius
928 3806 1005 3869 vidit
1035 3805 1143 3870 Circen
1174 3805 1356 3886 significare,

245 3913 336 3998 paulo
359 3918 430 3997 post
450 3914 570 3975 Italiam
601 3931 634 3974 se
655 3911 853 3994 repetiturum
879 3929 949 3972 esse
972 3914 1004 3973 at
1030 3930 1068 3974 ca
1094 3930 1171 3992 quae
1192 3908 1234 3972 ibi
1255 3929 1276 3971 a
1296 3909 1355 3970 diis

246 4013 370 4102 accepta
389 4019 567 4101 possideret.
604 4016 767 4080 faciliorem
790 4013 989 4100 reddidissem
1014 4016 1122 4076 horum
1142 4032 1288 4075 versuum
1309 4013 1354 4073 iu-

245 4124 398 4186 telleotum
419 4124 445 4184 si
466 4113 560 4184 verba
580 4121 632 4182 illa
644 4120 840 4182 inclusissam.
871 4137 948 4199 qnae
961 4116 1106 4179 Heinsius
1120 4120 1152 4194 ot
1162 4116 1355 4178 Burmannus

246 4225 402 4289 Valerium
423 4227 581 4309 scripsisse
603 4225 794 4308 coniecerunt
811 4241 921 4305 prosae
938 4205 1066 4283 orationi
1080 4221 1178 4300 magis
1192 4218 1355 4281 convenire

246 4329 388 4400 videntrn·
421 4351 510 4412 quam
543 4329 673 4393 carmini
701 4363 746 4374 -
775 4330 839 4389 287
868 4323 1127 4405 Eyssenhardtius
1162 4342 1217 4405 pro
1250 4321 1355 4384 ruebat

385 4768 780 4936 Μ’
