3086 4968
655 447 743 488 OAPV'I'
764 447 795 488 11.
1191 452 1272 492 LXVII

160 635 309 680 versuum
324 618 363 678 31
378 615 409 676 in
422 614 541 696 paginis
555 613 690 694 singulis.
721 613 874 694 inscriptio
888 614 998 677 codicis
1012 616 1086 678 haec
1100 620 1162 680 est:
1179 617 1250 681 cal
1265 666 1272 681 .

159 716 342 780 VALERII
364 763 372 778 .
393 715 546 780 PLAOOI
561 765 567 779 .
584 715 712 780 BALBI
739 716 880 780 sarna
893 764 899 778 .
913 715 1248 784 ARGONAVI’IOON
1265 769 1271 784 .

158 819 293 882 LIBER
321 818 687 884 culmissiacum
717 818 949 904 ΕΕΙιΙΟΙΤΕΒὴ
986 823 1203 903 aprImofolio
1221 845 1271 889 us·

157 941 221 1005 que
243 925 283 987 ad
305 923 442 1003 quintum
460 943 566 988 manus
588 926 685 986 altera
698 925 831 986 codicem
848 923 987 998 correxit,
1004 925 1089 986 onius
1103 927 1270 1007 scripturas

157 1045 269 1102 manue
294 1028 443 1090 secundae
470 1029 501 1089 in
530 1030 720 1091 adnotatione
739 1027 860 1090 vocavi:
890 1027 927 1087 ab
956 1027 1062 1088 eadem
1083 1027 1114 1088 in
1134 1031 1271 1109 margine

156 1131 192 1190 et
213 1132 394 1209 argumenta
415 1131 518 1192 addita
540 1133 663 1193 suntet
683 1132 813 1212 repetita
839 1130 959 1192 nomina
980 1133 1103 1212 propria
1123 1134 1155 1194 in
1176 1136 1270 1198 versi-

157 1233 218 1293 bus
245 1236 355 1313 poetae
385 1233 479 1294 obuia
519 1233 551 1294 in
579 1235 656 1296 foliis
685 1253 762 1313 quae
785 1234 928 1294 secuntum
952 1252 1012 1295 non
1034 1240 1201 1300 correctum
1222 1241 1270 1300 est

155 1335 220 1396 nisi
239 1355 258 1398 a
277 1355 369 1398 manu
390 1335 502 1415 prima,
523 1338 682 1416 perpaucis
705 1337 778 1398 locis
802 1337 953 1417 exceptis,
976 1337 1029 1398 ubi
1049 1339 1215 1402 recentiore
1235 1344 1271 1402 ut

156 1439 283 1500 videtur
311 1443 446 1519 tempore
473 1440 567 1502 verba
592 1440 701 1502 codicis
731 1442 847 1502 mutata
875 1443 955 1500 sunt
998 1441 1038 1502 ad
1065 1461 1175 1504 versus
1206 1461 1270 1510 cor-

156 1543 281 1622 ruptos,
309 1542 468 1604 lacuncsos
489 1543 640 1620 maxime,
668 1563 774 1604 cruces
797 1544 828 1604 in
849 1525 986 1622 margine
1008 1544 1164 1625 adpositae
1187 1547 1268 1610 sunt.

156 1646 296 1705 ceterum
322 1645 454 1706 codicem
480 1645 705 1724 elegantissirue
734 1647 878 1726 scriptum
900 1667 969 1708 esse
991 1647 1146 1710 sciendum
1167 1652 1215 1710 est
1238 1652 1270 1710 ot

155 1748 220 1822 ia,
255 1748 291 1807 ut
326 1723 439 1809 satur
468 1749 575 1810 neema
604 1749 785 1830 stuparum
812 1749 965 1810 cerasum
994 1750 1105 1812 umiae
1134 1752 1268 1814 voluisse

156 1852 314 1930 apparead
354 1850 432 1911 falsa
454 1853 616 1914 verborum
644 1851 795 1914 distinctio
821 1871 898 1932 quae
925 1853 982 1914 fuit
1010 1853 1042 1914 in
1069 1851 1269 1932 Sangalleusi,

155 1955 189 2014 In
229 1953 286 2014 hoc
319 1953 395 2014 libro
429 1956 563 2016 nondum
592 1955 702 2033 ubique
733 1955 892 2016 emendata
919 1958 975 2017 est.
1011 1953 1112 2020 deficit
1137 1955 1169 2015 in
1198 1955 1269 2018 libri

156 2057 258 2138 quarti
285 2075 378 2118 versu
401 2062 464 2119 199
491 2049 533 2120 Et
553 2059 665 2141 procul
691 2078 708 2119 e
736 2059 822 2120 sitm
843 2078 905 2120 sese
928 2059 1127 2141 propriorque
1139 2056 1268 2136 ferebat.

155 2159 355 2240 subscriptio,
383 2160 454 2222 olim
475 2179 494 2222 a
515 2161 657 2241 Pychone
684 2159 870 2222 Mommseno
901 2163 979 2239 (nov.
1005 2181 1080 2222 mus.
1103 2159 1198 2223 Ithen
1221 2161 1269 2222 VI

84 2339 87 2348 υ
154 2283 184 2344 p.
208 2264 285 2340 628)
314 2262 425 2343 publici
450 2263 525 2324 iuris
547 2263 642 2341 sacta,
671 2266 746 2326 haec
771 2269 833 2326 est:
859 2255 905 2325 Ὃ.
928 2262 1091 2326 VALERI
1115 2262 1269 2326 FLAOOI

154 2362 500 2428 ARGONAVPIOON.
536 2367 592 2428 hoc
619 2368 823 2446 fragmentum
852 2369 1006 2446 repertum
1034 2370 1083 2427 est
1108 2367 1140 2428 in
1167 2387 1269 2431 mona·

155 2469 251 2529 sterio
273 2469 370 2529 sancti
388 2467 461 2547 galli
482 2489 576 2550 prope
598 2471 797 2532 constantiam
811 2467 878 2530 XX
898 2470 1018 2531 milibus
1040 2489 1185 2551 passuum
1206 2491 1268 2532 una

153 2591 225 2633 cnm
254 2570 291 2640 Q.
318 2568 442 2632 Maeuii
470 2573 597 2652 pediani.
642 2573 726 2634 Deus
754 2573 899 2634 concedat
929 2573 1017 2634 alteri
1044 2578 1080 2635 ut
1106 2579 1268 2656 utrumqne

154 2694 233 2756 opus
256 2674 389 2754 reperiat
408 2675 583 2756 perlectum.
621 2675 685 2738 Nos
710 2677 791 2757 quod
804 2675 956 2756 potuimus
969 2678 1096 2755 egimus.
1132 2678 1268 2757 Poggius
1392 2667 1393 2670 ¹

153 2764 350 2840 florentinns'
393 2778 432 2838 ab
459 2777 526 2858 ipso
555 2779 670 2860 Poggio
706 2783 809 2842 utrum
837 2778 967 2858 scriptus
997 2779 1036 2840 sil
1065 2781 1141 2842 liber
1171 2799 1266 2844 necne

152 2869 363 2942 Mommsenus
390 2899 450 2942 non
478 2883 546 2944 virlt
566 2883 738 2944 diiudIoare.
777 2899 957 2961 quamquam
981 2900 1049 2942 oum
1067 2881 1182 2944 Romae
1203 2903 1265 2946 mo-

152 2985 245 3044 rabar
266 2969 380 3047 frustra
402 3002 524 3063 operam
545 2985 631 3062 dedi,
661 2991 696 3047 ut
721 2985 830 3064 Poggii
853 2977 1056 3069 αὐτόγραφον
1082 2987 1202 3067 aliquod
1222 2988 1266 3050 vi·

151 3087 266 3162 darem,
290 3105 348 3166 quo
371 3086 507 3166 inspecto
528 3087 567 3148 de
588 3107 679 3150 manu
702 3089 769 3150 ciue
790 3088 900 3150 certior
912 3088 1018 3148 fierem
1034 3089 1265 3154 -Florentiae

152 3190 186 3250 lu
216 3189 395 3250 bibliotheca
419 3187 617 3252 Riccardiana
651 3209 720 3251 esse
747 3189 870 3250 Asconii
898 3192 1104 3272 apographum
1134 3193 1171 3256 ab
1198 3193 1265 3272 ipsc

152 3294 265 3354 factum
286 3293 458 3354 nesciebam
481 3318 531 3368 ω,
554 3295 654 3354 tamen
674 3293 857 3354 Vaticanum
883 3298 965 3355 1613
988 3295 1026 3354 ab
1049 3313 1084 3354 eo
1106 3314 1167 3356 non
1190 3313 1264 3360 ,exa-

152 3399 252 3457 ratum
282 3415 352 3456 esse
383 3395 456 3456 mihi
488 3415 668 3476 persuasum
707 3398 762 3457 est
806 3416 935 3478 namque
963 3397 1013 3478 qui
1042 3398 1264 3462 adnotationem

152 3497 286 3562 criticam
310 3499 361 3559 vel
387 3497 484 3558 obiter
512 3500 758 3578 perlustrarent,
788 3499 815 3560 is
839 3499 871 3560 P
893 3500 1007 3562 videbit
1027 3501 1143 3563 Valerii
1170 3503 1265 3566 verba

151 3619 212 3660 non
240 3601 314 3662 talia
342 3601 484 3662 exhibere
513 3604 613 3683 qualia
633 3605 665 3662 in
687 3602 878 3680 sangallensi
900 3604 992 3664 fuisse
1014 3605 1183 3684 putandum
1206 3608 1263 3684 ost,

150 3703 207 3763 scd
228 3703 443 3784 interpolatum
472 3723 541 3766 esse
566 3705 695 3785 receptis
725 3705 872 3768 Italorum
900 3708 1012 3768 sacculi
1034 3707 1141 3770 decimi
1170 3709 1264 3789 quinti

151 3805 338 3866 coniecturis.
369 3825 467 3887 neque
489 3806 638 3886 Poggium
668 3807 776 3868 litteris
799 3810 838 3870 ad
867 3830 1002 3872 normam
1024 3811 1175 3872 scribendi
1195 3829 1260 3872 sae-

151 3908 217 3969 culo
246 3909 362 3970 decimo
389 3909 533 3970 usitatam
559 3909 758 3988 depingendis
788 3917 850 3973 tam
881 3914 970 3974 anxie
1002 3933 1091 3995 qnam
1111 3913 1264 3976 librarium

14 4041 19 4068 l
151 4009 239 4070 huius
268 4011 379 4072 codicis
407 4029 530 4092 operam
559 4013 681 4073 dedisse
703 4014 844 4078 credibile
861 4021 917 4077 est
958 4016 1060 4098 itaque
1082 4016 1264 4078 Vaticanum

153 4116 236 4175 1613
265 4133 306 4174 ex
327 4116 501 4196 apographo
529 4115 608 4194 quod
630 4114 765 4194 Poggius
796 4137 829 4178 se
857 4120 964 4180 fecisse
986 4121 1121 4180 narravlt
1152 4121 1184 4179 et
1205 4119 1264 4180 suit

150 4215 278 4277 sortasse
316 4219 424 4298 postea
454 4217 620 4280 Laurentii.
638 4217 771 4296 Pignorii
808 4221 871 4298 (cfr.
893 4221 1003 4282 Mehus
1031 4222 1049 4285 l.
1067 4218 1086 4278 l.
1108 4240 1136 4300 p.
1157 4219 1261 4298 XLV)
1336 4207 1341 4218 ’

149 4318 364 4399 transcriptum
384 4338 455 4380 esse
478 4322 587 4380 statuo.
622 4322 735 4382 contuli
758 4322 888 4384 codicem
910 4323 1014 4382 totum.

311 4416 314 4428 .
997 4439 1011 4472 ε
1023 4422 1039 4452 ,
