3086 4968
657 451 745 496 01111
761 453 795 496 11.
1215 447 1278 502 ivn

168 621 289 684 Heinsii
308 622 481 702 inventum,
507 621 602 684 multo
631 624 768 702 praestat
795 619 840 682 illi
861 619 941 699 quod
963 639 981 680 e
1002 617 1102 684 codice
1124 621 1276 687 canionis

168 725 271 806 recepi
299 725 479 808 cruentoque.
519 728 573 789 aut
599 725 687 787 fallor
715 726 768 786 aut
796 725 970 807 quantisque
996 743 1051 806 pro
1078 728 1224 809 mutatque
1243 727 1275 790 in

169 826 319 890 Vaticano
340 829 486 909 scriptum
506 833 561 907 est,
583 829 664 908 quod
684 827 851 890 coniunctio
869 825 998 887 relativa
1021 845 1041 886 a
1060 845 1121 905 qua
1140 833 1276 894 enuntia·

169 933 236 992 tum
257 932 438 994 antecedens
452 933 556 1014 incipit
569 931 688 994 librario
707 931 931 992 obversabatur.
943 964 987 974 -
1008 928 1142 990 eiusdem
1157 931 1276 998 Heinsii

170 1034 379 1096 auctoritatem
400 1035 448 1096 IV
471 1039 532 1096 161
562 1035 758 1116 inprudenter
787 1030 904 1113 sprevi,
933 1030 986 1092 ubi
1006 1050 1110 1095 uoueu
1132 1054 1206 1096 voce
1228 1037 1276 1099 bis

170 1137 270 1219 posita
303 1138 498 1200 vehementer
538 1137 722 1199 offendimur.
767 1135 893 1197 coniecit
926 1136 1027 1195 cutem
1061 1135 1110 1196 vir
1141 1155 1275 1200 summus

171 1241 349 1323 ductumque
370 1245 558 1304 6600106-
578 1242 609 1303 V
631 1243 695 1302 467
717 1239 770 1301 ubi
790 1241 976 1320 ropuauqu
999 1257 1018 1298 a
1039 1237 1167 1300 librariis
1188 1260 1275 1322 repe-

171 1343 262 1406 titum
282 1347 346 1424 est,
377 1345 443 1425 ipse
470 1343 650 1406 emendandi
670 1342 836 1425 periculum
855 1339 927 1419 ieci,
956 1359 1024 1402 cum
1041 1360 1139 1421 neque
1158 1340 1277 1406 Heinsii

171 1448 344 1509 coniectura
364 1447 506 1528 placeret,
526 1467 624 1529 neque
645 1465 683 1508 ea
703 1463 781 1526 quae
801 1445 1008 1508 aBmmanno
1030 1446 1186 1527 proposita
1205 1450 1278 1510 sunt

171 1549 244 1610 mihi
265 1549 340 1610 satis
361 1550 501 1612 facerent
529 1568 609 1634 ‘nam
630 1549 781 1629 urguendi
800 1550 927 1611 verbum
948 1549 1007 1610 etsi
1024 1567 1044 1610 a
1061 1549 1184 1612 Valerio
1204 1552 1275 1614 ada·

171 1652 248 1714 mari
268 1653 345 1728 scio,
368 1655 471 1714 tamen
493 1672 561 1713 cum
583 1653 709 1724 eandem
728 1654 792 1713 1610
811 1653 874 1714 vim
893 1654 1004 1714 habeat
1025 1671 1114 1734 quam
1135 1657 1275 1736 ropeture,
1402 1661 1403 1666 ’
1527 1711 1528 1720 ,

171 1742 314 1817 hocloco
334 1756 471 1837 ineptum
491 1758 547 1817 est
583 1773 681 1836 neque
707 1757 861 1837 pavitasse
884 1751 1010 1819 Colchos
1032 1755 1277 1836 Argonautarum

173 1858 320 1939 adspectu
340 1859 483 1920 credibile
501 1862 556 1921 est
590 1851 695 1922 contra
715 1861 900 1942 lustrantque
920 1859 1065 1921 vocabulo
1086 1861 1156 1940 quid
1175 1862 1275 1942 aptius

172 1981 227 2044 pro
245 1961 346 2042 priore
359 1965 546 2044 reptentque
565 1965 729 2044 reponatur
740 1982 801 2024 non
817 1963 913 2025 video.
951 1964 986 2024 ci
1001 1961 1048 2024 IV
1063 1965 1135 2039 234,
1150 1963 1197 2024 VI
1212 1968 1274 2027 299

173 2066 205 2124 et
234 2065 306 2125 658.
331 2099 369 2108 -
390 2064 658 2129 1111666011
682 2066 715 2126 in
736 2064 883 2128 Vatiouno
909 2065 1019 2127 vitiose
1046 2064 1191 2146 scriptum
1219 2070 1276 2148 est,

173 2165 253 2246 quod
276 2187 407 2246 meeum,
428 2187 505 2250 quae
526 2190 589 2232 vox
611 2170 762 2250 sequitur,
779 2167 904 2230 -librario
926 2169 1160 2243 obversabatum
1176 2189 1277 2249 neque

122 2283 124 2288 ’
173 2287 192 2330 6
213 2271 384 2334 testimonio
411 2273 555 2336 librorum
582 2274 664 2336 011011
693 2275 854 2349 habemus,
879 2291 938 2352 quo
967 2273 1006 2333 61
1027 2291 1150 2333 versum
1176 2292 1276 2336 emen-

173 2372 306 2434 dandum
332 2376 470 2452 utamur,
491 2377 551 2437 nisi
569 2396 690 2454 vocem,
720 2393 796 2456 quae
816 2379 912 2438 tecum
939 2375 991 2436 1110
1013 2377 1110 2436 616016
1134 2379 1197 2452 661,
1226 2383 1279 2442 61

172 2477 275 2538 littera
300 2477 457 2558 incepisse.
497 2480 578 2558 quod
611 2480 714 2541 doctos
739 2477 835 2539 Italos
864 2477 914 2558 qui
932 2476 1054 2539 Valerio
1083 2481 1276 2544 emaculando

175 2599 297 2662 operam
318 2580 466 2643 dederunt
486 2601 547 2644 000
566 2583 660 2663 iugit3
689 2601 759 2644 nam
780 2578 986 2644 in'Oarrionis
1012 2582 1088 2644 libro
1110 2587 1203 2647 totum
1224 2587 1277 2648 he·
1355 2593 1356 2598 ’

172 2685 294 2761 bemus,
322 2687 436 2747 tuntum
464 2686 496 2748 in
524 2685 703 2747 editionibus
725 2683 878 2746 Italorum.
915 2684 971 2744 sed
998 2688 1139 2747 neutrum
1168 2690 1276 2769 placet

174 2805 353 2868 quamquam
376 2787 455 2848 enim
479 2788 565 2850 verbi
588 2788 770 2850 substantivi
781 2775 929 2867 'frequens
949 2790 997 2848 est
1019 2790 1099 2869 apud
1121 2790 1276 2855 Valerium

174 2891 305 2969 omissio,
327 2890 550 2952 coniunctivum
571 2894 673 2953 tamen
695 2909 817 2972 perraro
829 2893 920 2972 poeta
934 2893 1111 2973 suppressit,
1132 2895 1228 2958 veluti
1242 2897 1277 2959 Π

175 2997 238 3056 133
265 2995 304 3055 ad
329 2995 400 3056 bueo
425 2994 485 3056 tibi
503 2995 654 3076 principio
681 2997 715 3055 et
736 2994 801 3056 VH
826 2998 890 3057 467
914 2995 953 3056 61
981 2999 1052 3058 auti
1076 2998 1278 3079 supplendum

173 3100 223 3159 est
245 3101 318 3174 siut,
348 3097 427 3176 quod
455 3099 556 3158 tamen
584 3098 622 3157 ab
649 3099 815 3162 instimulat
842 3102 873 3160 et
892 3097 980 3177 ferat
1006 3099 1201 3162 coniunctivis
1225 3103 1277 3183 qui

172 3201 310 3283 proxime
337 3201 517 3261 insecuntur·
541 3201 766 3262 excusationem
793 3203 890 3263 habet.
928 3202 1036 3262 deinde
1062 3206 1163 3264 autem
1182 3208 1277 3268 totum

172 3304 224 3367 val
245 3307 358 3366 tuntum
384 3322 498 3366 mecum
524 3323 614 3365 voces
645 3323 714 3366 sese
737 3305 922 3386 excipientes
949 3305 1027 3365 male
1050 3307 1166 3366 sonant.
1204 3306 1277 3370 mihi

172 3408 205 3469 in
224 3409 357 3468 mentem
385 3405 468 3466 venit
489 3406 646 3468 Valerium
671 3408 801 3470 fortasse
823 3407 980 3488 scripsisse
999 3427 1066 3470 suus
1087 3427 1214 3487 memor,
1243 3413 1279 3473 ut

171 3515 207 3574 tu
225 3514 269 3572 eis
290 3528 405 3573 mecum
419 3514 537 3594 partito
558 3513 696 3574 laborem.
1229 3498 1234 3506 ¹

277 3612 346 3674 Non
374 3613 473 3674 001106
495 3614 611 3676 Valerii
638 3633 747 3676 versus
770 3618 832 3677 tam
861 3615 1004 3694 gravibus
1029 3617 1134 3677 notum
1155 3619 1204 3678 est
1225 3617 1277 3680 ed-

171 3716 571 3794 160106666010106111106,
598 3720 633 3779 ut
660 3718 722 3778 leni
750 3717 899 3779 medicina
925 3719 1057 3781 adhibita
1087 3721 1187 3782 6611611
1216 3741 1276 3783 000

171 3820 306 3901 possint,
327 3819 381 3880 sed
401 3821 572 3882 fortioribus
594 3822 734 3882 remediis
756 3821 918 3900 indigeant
953 3822 991 3884 ad
1013 3823 1070 3884 hoc
1092 3842 1190 3901 genus
1212 3843 1277 3885 cor-

170 3924 308 4005 ruptelas
331 3922 427 3985 refero
449 3923 520 3984 inde
542 3926 672 4003 exortas,
694 3924 773 4004 quod
794 3942 812 3983 6
833 3924 907 3986 10016
924 3924 1069 4003 similibus
1084 3926 1277 4007 comparendi

172 4029 204 4089 et
223 4027 393 4109 explicandi
414 4045 506 4088 causa
529 4027 688 4108 adscriptis
711 4028 749 4089 ab
769 4027 896 4089 indoctis
908 4027 1036 4088 librariis
1050 4029 1171 4108 singula
1183 4030 1277 4091 verba

170 4131 278 4192 ineos
302 4151 411 4193 versus
438 4131 476 4192 ad
502 4132 744 4219 quosadscripti
766 4133 853 4193 erant
880 4134 1004 4211 recepta
1030 4134 1108 4192 sunt.
1148 4133 1276 4212 01010-

171 4235 290 4298 ficiscar
310 4253 329 4296 a
350 4238 432 4298 certo
452 4236 601 4316 exemplo,
621 4236 659 4298 de
680 4255 738 4317 quo
760 4233 844 4296 nulla
864 4236 1052 4314 potestesse
1070 4233 1224 4312 dubitatio,
1245 4237 1277 4297 in

173 4339 242 4401 libri
266 4339 391 4402 secundi
411 4357 505 4416 versu
524 4343 587 4401 473
602 4338 769 4402 Vaticanus
790 4336 913 4400 exhibet
932 4336 997 4401 Nu
1012 4336 1059 4400 1u·
1071 4340 1178 4402 ueteris
1191 4359 1279 4422 quou-
