3072 4974
544 438 766 480 sneonsmoou
798 437 882 477 umen
896 435 937 478 v1.

271 591 455 654 Sarmaticae
474 591 571 653 coiere
594 609 701 652 manus
721 589 915 670 fremitusque
936 588 1068 652 virorum

270 695 415 769 semileri3
438 693 518 772 riget
538 693 585 754 his
602 693 684 754 molli
703 693 796 756 lorica
816 695 937 764 catena3

270 799 301 859 id
323 817 441 878 quoquo
464 797 588 875 tegmen
610 795 711 874 squis;
735 797 767 856 at
789 794 858 874 equi
879 793 1018 875 porrecta
1038 811 1093 871 per
1115 811 1214 856 armos

271 903 304 962 et
323 903 415 981 capnt
435 899 590 978 ingentem
611 898 724 980 campis
745 898 903 960 hostilibus
925 895 1062 958 umbram
1226 899 1288 960 235

269 1003 329 1063 fert
348 1003 430 1064 abies
454 1003 562 1065 obnixa
584 1021 666 1082 genu
685 1001 829 1080 vaditque
849 1001 948 1062 virum
967 999 1008 1074 vi,

269 1105 355 1180 vadit
376 1124 500 1184 equum,
523 1105 627 1168 docilis
647 1104 743 1183 relegi
765 1103 927 1182 docilisque
946 1102 1074 1181 relinqui

267 1210 362 1288 atque
383 1208 493 1270 iterum
513 1207 627 1269 medios
649 1226 709 1269 non
729 1206 818 1268 altior
835 1206 879 1268 ire
900 1225 956 1286 per
976 1206 1088 1268 hostes.

234 1313 241 1320 '
271 1311 391 1372 orbibus
407 1312 462 1372 hos
481 1310 594 1391 rapidis
616 1310 757 1390 mollique
778 1329 833 1390 per
855 1327 986 1390 aequora
1008 1305 1117 1372 Castor

271 1414 406 1474 anfractu
427 1414 551 1476 levioris
573 1413 642 1492 equi
661 1412 776 1473 deludit
797 1412 920 1473 anhelos
1225 1412 1289 1472 240

269 1517 509 1598 inmemoresque
527 1515 697 1620 moripped
715 1535 776 1576 non
795 1515 892 1577 isdem
916 1515 1031 1576 artibus
1052 1533 1147 1596 aeque

271 1623 451 1680 concurrunt
472 1621 610 1700 ultroque
631 1622 724 1680 ruunt
744 1619 775 1679 in
793 1619 900 1678 funera
920 1616 1029 1680 Colchi

274 1723 440 1804 Campesus
462 1723 583 1804 inpacta
604 1722 684 1784 latus
702 1721 781 1782 inter
804 1723 835 1782 et
856 1721 909 1782 ilia
929 1740 1043 1802 quercu

271 1827 387 1887 tollitur
408 1843 444 1886 ac
464 1823 593 1885 mediam
614 1825 745 1886 moriens
768 1825 923 1886 descendit
941 1825 972 1886 in
993 1824 1119 1886 hastam

275 1927 413 1989 Oebasus
433 1926 575 1988 infestum
597 1929 756 1990 summisso
778 1929 891 2009 poplite
911 1927 1042 2009 Phalcen
1226 1928 1288 1989 245

275 2031 409 2092 evasisse
431 2032 516 2090 ratus
538 2030 658 2092 laevum
680 2052 735 2113 per
753 2033 874 2094 luminis
897 2035 999 2095 orbem

272 2134 462 2213 transigitur3
486 2135 608 2195 tenerae
628 2135 785 2216 liquuntur
805 2137 930 2198 vulnere
952 2137 1056 2198 malae.

272 2240 376 2299 contra
397 2238 498 2297 autem
520 2237 647 2316 geminis
669 2239 765 2300 fidens
785 2239 955 2301 thoracibus
975 2239 1068 2302 ictum

273 2340 397 2401 sustulit
418 2341 449 2400 et
470 2339 570 2418 gladio
593 2339 711 2404 Sibotes
734 2343 802 2404 ferit
821 2341 927 2403 ultima
947 2340 1009 2416 teli,

272 2443 467 2523 nequiquam
488 2444 550 2504 iam
572 2446 673 2527 cuspis
697 2445 793 2521 inest,
813 2464 869 2506 neo
888 2442 1037 2522 fragmina
1057 2444 1142 2504 curat
1226 2443 1290 2503 250

272 2545 428 2606 Ambenus
452 2547 484 2607 et
507 2548 612 2608 trunco
634 2548 767 2608 medium
789 2548 869 2609 subit
891 2544 989 2608 Ocrea
1012 2545 1103 2624 ligno.

273 2649 452 2709 seminecem
473 2649 573 2712 Taxes
598 2637 743 2732 Hypanin
764 2651 848 2712 vehit
869 2651 967 2732 adque
988 2648 1146 2710 remissum

271 2772 349 2832 pone
370 2753 462 2815 trahit
483 2755 604 2834 fugiens
623 2757 658 2817 et
678 2755 814 2816 cursibus
836 2753 921 2814 exuit
941 2753 1073 2825 hastam;

275 2855 405 2935 dumque
426 2858 615 2920 recollectam
634 2879 740 2920 rursus
760 2859 855 2933 locat,
879 2856 971 2916 inruit
992 2855 1073 2915 ultro

273 2958 486 3038 turbatumque
507 2961 608 3023 Lacon
631 2963 663 3022 et
683 2961 780 3022 adhuc
800 2960 915 3021 invadit
936 2959 1088 3020 inermem.
1228 2958 1290 3019 255

273 3059 381 3139 inpulit
402 3061 529 3123 adverso
550 3083 695 3145 praeceps
719 3083 814 3144 equus
837 3060 958 3126 Onchea
978 3065 1067 3124 conto

260 3332 341 3377 ,232
360 3329 442 3379 coiore
458 3313 492 3378 nn:
512 3329 615 3380 coireV
681 3329 845 3396 fremitusque
863 3346 895 3397 ψι
913 3329 1062 3394 fremituque
1076 3332 1100 3380 V
1158 3333 1208 3378 234
1221 3327 1291 3392 equis

186 3417 213 3462 et
230 3413 289 3477 equi
305 3414 385 3464 Aia:
410 3415 464 3480 quis
485 3416 577 3480 agequi
601 3418 630 3476 V,
654 3416 724 3482 equis
742 3432 789 3480 age
811 3417 854 3481 qui
872 3417 906 3466 M
910 3453 916 3476 ,
942 3415 1011 3480 equis
1031 3414 1169 3478 agitanti,
1193 3414 1247 3464 aris
1266 3417 1292 3463 at

186 3498 244 3562 equi
263 3501 339 3559 Bon,
359 3501 430 3565 equi,
450 3501 495 3550 sed'
512 3502 570 3565 equi
589 3504 651 3552 Pius
720 3517 803 3551 armos
821 3518 861 3551 m:
879 3517 960 3552 armas
972 3502 997 3552 V
1063 3505 1113 3551 235
1131 3499 1249 3565 capudV

185 3587 234 3633 236
254 3583 336 3632 virum
362 3585 400 3635 vis
423 3588 544 3635 Heinsius
649 3591 698 3637 237
718 3587 775 3652 equi
800 3589 861 3636 Pius
947 3586 1023 3650 religi
1046 3587 1071 3635 V
1172 3591 1221 3637 238
1241 3600 1328 3635 non«

183 3665 277 3717 lentior
294 3673 333 3718 uei
350 3685 400 3720 non
420 3671 517 3720 tardior
536 3675 573 3722 uei
591 3671 722 3722 audentior
738 3675 868 3722 Heinsius.
894 3671 991 3721 tardior
1004 3649 1100 3733 placuit
1121 3675 1260 3738 Wapnerov

185 3757 251 3802 ostes
274 3755 299 3804 V
399 3761 448 3807 239
471 3756 567 3808 rabidis
586 3776 612 3819 e,
638 3758 742 3824 rapidus
761 3761 920 3807 Burmannus
995 3758 1127 3824 mollique]
1146 3755 1291 3820 volucrique

183 3841 305 3888 Heinsius
417 3841 621 3907 2411115ῐί]εηί
644 3847 766 3894 Heinsius
851 3842 949 3892 hisdem
971 3844 996 3894 V
1097 3849 1148 3894 244
1166 3837 1292 3892 discendit

188 3925 218 3984 V,
238 3925 331 3975 desidit
347 3928 469 3976 Heinsius
580 3929 732 3979 2461561115
754 3932 779 3981 V
887 3933 936 3978 247
955 3927 1124 3991 Transfigitur
1141 3930 1203 3975 Bon.

183 4012 285 4060 tenerae
303 4013 360 4078 Οψι
378 4017 464 4062 tenero
487 4014 512 4064 V
595 4013 727 4080 liquuntur
745 4015 842 4064 OM:
858 4013 1006 4078 linquuntur
1028 4016 1113 4064 VBou.
1197 4010 1292 4059 maleae

184 4095 217 4142 Μ
273 4095 344 4146 ’248
363 4098 490 4148 toracibus
513 4101 539 4151 V
638 4105 688 4149 249
709 4099 821 4150 Sustinet
837 4102 959 4148 Heinsius
1064 4102 1114 4150 250
1132 4095 1291 4160 Nequiquam

183 4193 224 4228 m:
241 4179 416 4244 Necquiqnem
432 4185 458 4234 V
525 4189 573 4235 251
595 4184 663 4234 subit
674 4185 719 4234 M:
742 4184 800 4234 subi
817 4186 843 4238 V
909 4184 1074 4235 OtreaAid.e
1143 4184 1192 4230 253
1210 4179 1293 4228 Pouet

187 4265 213 4316 V
279 4267 352 4329 atque
368 4267 498 4318 remissam
515 4268 586 4320 Pone
608 4269 688 4320 trabit
705 4269 804 4333 lugiens
828 4273 853 4318 et
880 4267 989 4318 calcibus
1009 4267 1078 4318 exuit
1096 4266 1193 4316 hastam
1209 4268 1289 4316 Hein-

183 4353 235 4400 sius
340 4356 389 4402 264
405 4352 474 4403 ultor
492 4357 554 4405 idem
659 4359 707 4406 256
728 4354 856 4422 Ochearp
926 4353 1019 4404 eontho
1042 4353 1067 4402 V
