3110 4972
572 381 792 424 ARGONAVTICON
814 383 899 425 mnu
914 383 942 424 V.

350 531 440 610 Inde,
463 541 618 613 premente
640 539 726 611 noto,
747 535 851 597 tristes
873 535 1076 598 Acherusidos
1099 555 1168 600 oras

259 625 432 717 ”praeterit
452 643 483 698 et
504 637 583 698 festa
602 639 761 718 vulgatum
782 641 870 700 nocte
890 639 999 721 Lyaei·

287 739 488 815 Callichoron3
511 759 567 801 nae
589 759 669 803 vena
689 741 773 802 fides.
816 741 863 804 his
884 742 1020 805 Baechus
1042 744 1073 804 in
1092 743 1180 804 undis
1265 750 1304 808 75

283 842 378 902 abluit
401 861 455 904 eoo
477 844 615 904 rorantes
639 844 786 923 sanguiue
808 844 939 927 thyrsos.
960 913 963 920 ,

282 945 367 1006 illum
388 948 458 1026 post
479 946 559 1008 acies
580 945 721 1026 rubrique
742 947 906 1010 novissime,
926 947 1057 1010 claustra

282 1048 421 1128 aequoris
444 1049 492 1110 hio
513 1049 630 1110 resides
651 1050 781 1126 thiasos,
802 1050 850 1112 hio
874 1069 945 1112 aare
966 1055 1137 1112 moventem

282 1153 401 1231 udaque
423 1151 582 1232 pampinea
600 1155 779 1236 nectentem·
793 1171 905 1216 cornua
927 1153 1005 1216 sitta

281 1256 474 1316 nuncetiam
495 1253 691 1331 meministis,
714 1273 825 1336 aquae,
848 1256 974 1320 Boeotia
996 1258 1115 1337 qualern
1260 1262 1301 1320 80

281 1358 396 1440 Thyias
419 1360 452 1422 et
472 1357 577 1418 infelix
599 1364 724 1440 cuperet
748 1359 860 1421 vidisse
882 1360 1051 1424 Cithaeron.

347 1505 441 1568 Fama
463 1525 518 1588 per
538 1508 691 1569 extremos
713 1508 783 1589 quin
806 1509 866 1570 iam
882 1512 966 1572 volat
987 1510 1112 1590 inprobe
1133 1529 1236 1572 manes

281 1609 397 1671 interea
418 1614 450 1671 et
469 1609 588 1689 magnis
610 1613 749 1672 natorum
766 1612 905 1673 laumbus
927 1613 1038 1694 implet,

280 1713 382 1774 addita
400 1712 520 1792 iamque
541 1713 627 1774 fretis
648 1717 790 1794 repetens
811 1716 904 1794 frete,
926 1715 1045 1796 iamque
1066 1717 1206 1796 patentes

280 1814 429 1898 Cyaneas
473 1817 581 1878 ardent
602 1817 707 1878 avidos
729 1818 867 1879 attollere
888 1819 1001 1893 vultus,
1258 1821 1298 1879 85

280 1938 356 1999 quos
378 1919 476 1999 pietas
498 1921 548 1981 vel
570 1921 670 2000 tangit
689 1923 786 1984 adhuc
805 1943 879 2003 quos
902 1922 1019 1982 aemula
1040 1920 1147 1982 virtus.

279 2023 341 2082 sata
362 2023 485 2083 immota
505 2027 643 2099 manent;
664 2043 772 2101 unum,
795 2025 845 2106 qui
866 2027 954 2086 litore
975 2025 1006 2084 in
1025 2023 1076 2083 illo

279 2125 432 2202 conditus,
460 2126 498 2187 ed
521 2145 609 2206 carae
630 2125 754 2190 mittunt
775 2130 947 2210 spectacula
968 2127 1083 2188 turbae.

277 2229 302 2290 it
327 2228 503 2290 Sthenelus:
528 2232 646 2311 qualem
666 2231 816 2295 Mavortia
834 2230 911 2292 vidit
932 2228 1067 2289 Amazon

280 2351 407 2411 cumque
429 2332 492 2392 suis
516 2333 653 2394 comitem
678 2335 798 2397 Alcides
821 2338 855 2396 ut
876 2325 1124 2407 condiditarmis,
1259 2333 1299 2390 90

277 2435 347 2496 talis
369 2435 406 2496 ab
429 2435 569 2514 aequorei
590 2455 775 2517 consurgens
799 2455 913 2518 aggere
935 2433 1017 2494 busti

278 2537 411 2612 emicmt;
433 2539 545 2599 fulsere
567 2541 682 2618 undae,
705 2541 750 2601 sol
771 2559 900 2620 magnus
922 2542 957 2598 ut
980 2537 1082 2597 orbem

193 2723 446 2732 ——--—.....a.

297 2840 327 2886 75
355 2833 517 2887 Calliohoron
543 2839 624 2886 Bon:
659 2837 806 2888 Callirhoen
829 2841 859 2898 V,
887 2809 1032 2888 Callirhoen
1055 2839 1111 2894 Cm,
1143 2831 1300 2884 Calliohorus

190 2921 249 2970 ΑΜ.
321 2919 362 2970 his
380 2923 427 2972 M.-
444 2922 487 2972 hio
509 2923 535 2972 V
600 2921 628 2972 in
645 2925 723 2972 Pius:
739 2926 769 2973 ut
789 2926 836 2990 an
929 2911 1157 2980 tt‘csstrasuisse
1176 2920 1219 2980 qni
1236 2918 1298 2964 seri-
1323 2989 1326 2995 Ι

189 3007 272 3054 terent
290 3007 352 3054 Pius
370 3011 442 3056 testis
455 3005 498 3056 'est
620 3012 651 3057 78
668 3008 794 3073 Aequoris
811 3023 851 3058 sn:
878 3009 1006 3074 Aequores
1031 3008 1055 3058 V
1176 3008 1206 3054 79
1224 3001 1299 3051 mitre

189 3093 353 3143 Markinndns
368 3097 402 3142 nd
418 3095 481 3143 Stet.
501 3095 554 3141 sile.
575 3090 612 3142 IV
631 3096 662 3154 3,
685 3098 732 3144 137
850 3098 883 3144 80
900 3092 1002 3142 booetis
1026 3093 1056 3152 V,
1073 3088 1197 3140 boetico

189 3183 221 3228 81
242 3177 321 3228 Thiss
344 3177 369 3228 V
477 3181 509 3227 82
530 3175 601 3240 quin]
627 3176 686 3226 hinc
704 3181 826 3228 Heinsius
935 3183 967 3228 83
994 3179 1021 3226 in
1038 3191 1114 3242 uterq.
1135 3176 1244 3235 serenius
1261 3180 1300 3220 est

188 3267 215 3311 in
233 3265 259 3312 C.
278 3265 376 3314 Valerio
395 3277 447 3314 enm
466 3262 612 3310 abiudicavit
630 3279 683 3312 snm
701 3267 818 3314 Oeroione
830 3264 952 3314 Heinsius
1037 3261 1146 3310 fatorum
1160 3261 1192 3318 0,
1210 3259 1299 3307 nauta·

187 3363 244 3398 rum
255 3350 376 3398 Heinsius
447 3351 514 3397 inter
532 3351 564 3396 83
583 3354 607 3395 et
626 3353 660 3398 84
681 3351 708 3397 in
726 3353 805 3400 eddim
817 3350 944 3412 Pomponii
953 3348 1028 3396 Laeti
1043 3347 1104 3396 Pius
1121 3347 1187 3394 tussa
1202 3357 1299 3392 oneum

187 3437 297 3495 repperit
316 3432 455 3484 Venturam
472 3432 542 3482 eaelo
564 3431 624 3480 fatis
647 3433 794 3488 melioribus
811 3436 1009 3498 Argu-m
1025 3434 1130 3482 Heinsio
1146 3438 1207 3480 teste
1226 3432 1299 3478 eone

186 3521 270 3584 regins
286 3521 395 3584 margini
413 3520 564 3579 ementium
580 3519 675 3568 entitet
793 3525 826 3570 84
844 3518 939 3570 Addita
955 3518 1054 3582 iamque
1072 3532 1108 3579 qs:
1130 3514 1298 3580 Additamque

191 3606 222 3664 V,
240 3603 423 3668 Addietemque
442 3621 480 3664 m,
499 3603 668 3669 Addictasque
681 3607 713 3665 0,
732 3604 895 3667 Adductaque
911 3604 1107 3666 Zinzerlinqins,
1125 3599 1219 3651 Addita
1235 3615 1297 3666 qus·

186 3703 234 3754 que
242 3690 364 3738 Heinsius
447 3690 547 3753 ismqne
568 3703 601 3751 ψι
620 3704 727 3754 namque
739 3692 769 3750 V,
789 3689 913 3754 quequae
923 3687 1044 3750 probante
1060 3688 1165 3735 Heinsio
1251 3700 1296 3750 pc·

185 3778 266 3824 tentes
283 3775 389 3824 Heinsio
406 3784 468 3826 teste
494 3777 594 3824 coniecit
614 3777 655 3826 eis·
672 3779 758 3826 doetus
776 3778 803 3824 in
821 3790 898 3838 nnry.
924 3775 1039 3824 Vetieeni
1061 3775 1165 3824 Venetae
1183 3772 1298 3822 editionis

185 3862 348 3922 snnnpluris:
364 3861 500 3925 pharentes
524 3861 554 3919 V,
573 3864 689 3923 parentes
706 3878 743 3923 ns,
766 3860 874 3910 ferentes
895 3862 915 3909 0
931 3877 983 3910 eum
1002 3862 1080 3909 sedin
1097 3860 1163 3922 regio
1181 3863 1204 3903 et
1222 3855 1297 3903 Aldi-

114 3971 118 3978 ·
185 3963 232 4006 ssu,
252 3948 348 4007 placuit
365 3947 486 4004 Heinsio,
511 3944 624 3995 direntes
642 3948 705 3997 Bon.
777 3944 872 3995 Addita
892 3945 992 4011 iamque
1010 3943 1082 3994 iretis
1107 3940 1201 4006 repetit
1223 3939 1296 4003 frete,

183 4032 284 4097 iamque
302 4035 412 4082 retentat
428 4031 579 4082 Siotlseuner
595 4033 613 4080 i.
634 4033 651 4080 t.
668 4047 694 4091 p.
718 4035 765 4080 176
864 4037 897 4082 89
916 4031 1048 4082 Sthenelus
1064 4046 1098 4095 qa:
1118 4023 1250 4093 ythenelus
1265 4027 1296 4085 V,

183 4116 333 4183 hythenelus
349 4118 385 4166 H.
406 4116 432 4166 Is
451 4115 585 4166 Sthenelus
599 4117 718 4166 Heinsius
789 4114 859 4164 uidet
877 4118 910 4164 Μ
960 4121 992 4166 90
1010 4114 1121 4177 Cumque
1139 4110 1191 4160 suis
1211 4125 1294 4184 eomes

184 4200 288 4252 Aloidae
308 4217 353 4255 eon
379 4199 490 4253 concidit
509 4197 586 4250 armis
605 4201 740 4257 Heinsius,
767 4203 811 4260 qui
836 4204 926 4251 errent
955 4217 1006 4251 essm
1034 4196 1296 4266 concidimurrionis

183 4290 273 4337 librum
292 4288 403 4336 saluisse
421 4289 484 4336 de'eit
591 4291 622 4336 92
641 4283 681 4350 nt]
700 4288 725 4333 et
742 4287 775 4334 lli
