3086 4968
660 443 750 486 CAPUT
772 445 820 486 111.
1230 443 1288 486 m

179 635 249 680 oum
269 615 301 677 id
321 617 396 694 eget
408 613 509 690 Iason,
528 616 564 674 ut
585 631 658 694 opes
673 609 775 674 Peliae
794 613 926 692 quantoe
944 609 1007 672 sint
1020 609 1150 672 Aeetam
1170 610 1289 689 dooest,

178 719 325 801 pietatem
351 717 540 798 populeium
561 735 615 778 eur
643 717 750 778 laudet
774 735 836 776 non
857 714 955 776 video.
987 713 1068 794 quod
1087 713 1154 795 ipse
1176 714 1287 778 oonieoi

178 826 277 904 totque
303 822 363 884 sita
388 820 441 882 vel
468 820 524 883 sile
547 818 722 902 frequentin
742 819 824 882 dites
843 815 935 878 etiem
958 835 1038 878 nuno
1058 835 1120 878 non
1141 816 1289 898 displioet.

169 924 347 1006 frequentia
368 925 471 984 sutem
491 921 599 1004 oppido
619 925 693 1003 puto
711 921 792 983 dioto
811 939 880 982 esse
902 939 980 1001 quse
1001 919 1106 983 inoolis
1120 919 1288 998 frequentis

180 1029 250 1090 sint
286 1029 322 1090 oi
344 1025 468 1090 buron
492 1023 574 1086 VIII
598 1029 615 1086 7
637 1023 775 1107 Sopdhioo
799 1022 922 1104 confinis
950 1027 994 1086 ost
1019 1024 1103 1105 reon
1124 1023 1288 1086 babtister-

180 1149 238 1213 que
249 1131 398 1213 plumbus
418 1131 447 1191 ot
463 1127 674 1210 frequentibus
701 1129 790 1203 oim‘s,
818 1128 890 1208 quio
910 1127 1030 1189 obedes
1049 1128 1147 1188 terroe
1166 1145 1223 1188 noo
1243 1128 1288 1189 io-

180 1219 305 1314 dipenos
325 1231 411 1295 modo
428 1231 551 1309 iethet,
575 1229 628 1294 sod
648 1233 739 1293 etam
761 1229 887 1292 odoenus
905 1230 1019 1292 modat.
1050 1231 1184 1290 osterum
1205 1227 1288 1292 dives

180 1336 242 1397 ium
258 1338 329 1396 ente
345 1353 395 1395 me
416 1334 652 1414 eZingerlingio
673 1333 802 1402 fortsese
817 1332 1016 1394 oonieotatum
1028 1333 1086 1392 est
1115 1327 1287 1394 Gronovius

180 1439 262 1500 enim
278 1425 515 1517 ‘Zinzerlingus’
533 1438 584 1517 eit,
597 1429 650 1498 ‘ed
662 1437 712 1498 lib.
725 1435 743 1497 I
756 1436 829 1498 uitet
845 1438 942 1516 totque
958 1435 1175 1496 illotos-imantia
1190 1433 1287 1497 divos:

180 1543 254 1604 duta
281 1558 373 1621 opere
399 1559 437 1602 en
466 1559 568 1602 euuore
595 1557 754 1622 operarum
782 1537 863 1600 haud
885 1537 961 1600 soio:
988 1537 1109 1599 videtur
1137 1557 1198 1599 non
1218 1557 1288 1600 esse

181 1633 313 1706 tomere‘
336 1677 380 1688 —
403 1646 465 1706 578
496 1644 527 1704 in
549 1643 651 1705 uerbis
679 1661 757 1723 quse
785 1644 857 1703 sunt
883 1641 951 1722 qun
969 1641 1080 1722 procul
1106 1641 1162 1703 no
1186 1644 1287 1705 oirwn

180 1748 266 1810 nobs'o
283 1765 345 1806 non
365 1744 490 1808 offendo
524 1765 654 1826 nemque
673 1749 773 1808 votum
791 1744 952 1824 genetivus
971 1746 1035 1819 est,
1062 1763 1151 1823 quem
1172 1746 1290 1826 partibi-

181 1869 255 1912 vum
283 1850 388 1912 dieunt
411 1835 614 1929 gemmetici,
641 1851 673 1909 st
701 1866 720 1909 s
748 1850 816 1930 quis
844 1847 963 1929 pendet.
1002 1847 1085 1909 nobis
1112 1851 1215 1910 eutem
1237 1852 1289 1914 vel

182 1953 261 2014 muti
280 1953 438 2014 sententiis
458 1951 683 2031 intormgstivis
706 1952 739 2012 st
760 1947 1027 2012 exolamationibus
1049 1947 1291 2030 noannoeane

182 2075 276 2137 saepe
299 2055 448 2116 insertum
474 2073 543 2115 esse
571 2056 676 2116 notum
697 2056 752 2114 est
786 2071 862 2134 quse
890 2053 1034 2114 secuntur
1063 2073 1149 2135 quem
1174 2057 1290 2120 balteus

182 2178 271 2242 asper
290 2160 422 2241 nublipot
441 2158 563 2220 dubium
580 2161 634 2218 bet
653 2175 727 2218 num
744 2156 865 2236 integro
886 2155 955 2217 sint
986 2156 1183 2236 nequeenim
1202 2158 1291 2220 intel·

181 2261 245 2342 legi
270 2263 412 2343 possunt,
441 2261 501 2322 nisi
520 2261 674 2343 nsblipare
693 2257 780 2320 verbi
805 2258 958 2320 notionem
981 2262 1103 2339 poetam
1129 2258 1174 2322 ite
1193 2260 1290 2324 inmu-

182 2369 267 2428 tasse
288 2368 433 2447 ponetur,
455 2367 491 2426 ut
517 2363 597 2426 idem
624 2364 664 2425 sit
689 2363 768 2442 quod
797 2363 921 2442 obopere.
953 2361 1119 2424 cuiusmodi
1148 2365 1292 2428 audaciae

183 2467 325 2549 exempla
343 2487 403 2530 non
425 2467 508 2530 nulla
529 2485 622 2548 supro
636 2467 718 2549 (pog.
730 2465 828 2528 XVII
842 2465 898 2546 sq.)
915 2465 1033 2547 protuli
1063 2465 1100 2526 of.
1118 2464 1166 2529 IV
1183 2469 1232 2530 94.
1250 2503 1291 2514 -

186 2573 249 2634 648
272 2572 372 2634 omui
392 2571 528 2647 forsitan,
549 2589 618 2632 oum
637 2589 693 2653 pro
710 2571 835 2653 possint,
856 2569 937 2648 quod
958 2570 990 2630 in
1002 2567 1149 2632 Vetioauo
1170 2567 1291 2651 legitur,

178 2677 305 2759 posnam
331 2693 371 2734 ex
394 2673 507 2737 Aldine
534 2675 643 2757 reoepi
682 2677 758 2738 hoeo
784 2673 864 2734 enim
890 2671 999 2736 Mentis
1026 2689 1128 2734 mense
1155 2677 1293 2738 metuent

184 2797 260 2858 ergo
278 2776 355 2840 Iuno
378 2779 412 2839 st
434 2776 573 2839 Minerva
600 2797 656 2840 neo
676 2776 807 2858 possint,
835 2776 897 2838 ie.
919 2795 976 2838 neo
1002 2776 1093 2836 lieest
1119 2775 1156 2840 iis
1174 2776 1291 2840 insidiis

183 2879 320 2956 effluere,
340 2883 377 2942 ut
396 2879 510 2960 templo
528 2899 597 2941 mes
615 2879 729 2942 vellere
750 2897 842 2940 suroo
864 2879 1037 2958 spolienon.

289 2982 354 3043 Lib.
377 2981 424 3044 VI
450 2987 513 3044 129
541 2983 661 3064 Mycael
681 2982 773 3044 hebet
792 2980 971 3058 Vetioenus,
1000 2980 1081 3060 quod
1099 2980 1292 3048 nummos

183 3085 313 3146 ooniooit
332 3105 351 3147 a
367 3101 459 3148 msnu
477 3086 690 3148 monoehorum
708 3084 894 3165 provenisse,
914 3085 965 3166 qni
983 3103 1075 3165 saepe
1094 3086 1216 3148 nomine
1236 3088 1293 3150 sibi

183 3187 303 3250 notiore
331 3188 462 3268 antiquis
489 3189 728 3270 supposuissent
761 3185 907 3252 Italorum
932 3187 1111 3250 oonieoturis
1132 3189 1205 3254 nihil
1224 3210 1293 3272 pro·

182 3291 316 3368 ficimus,
334 3311 405 3354 nem
425 3291 568 3370 Mioelae,
589 3291 749 3369 Metletos‚
771 3289 903 3353 Meletos
921 3290 1018 3370 ignoti
1040 3293 1119 3352 sunt.
1154 3291 1220 3372 ipse
1243 3293 1291 3357 Si-

183 3413 338 3475 rooorum,
359 3395 500 3458 Pontioae
523 3395 640 3474 gentis,
667 3413 776 3456 nomen
795 3393 842 3473 (oi
864 3393 937 3454 Pliu
958 3395 1019 3454 not.
1039 3392 1107 3455 hist
1127 3392 1176 3457 IV
1198 3399 1238 3458 83
1260 3401 1294 3461 et

182 3497 254 3561 Tae.
279 3516 346 3561 ann.
366 3497 434 3560 XII
456 3498 510 3577 15)
536 3497 653 3560 Valerii
672 3498 776 3560 versui
802 3515 863 3560 non
891 3497 1038 3558 debebam
1065 3496 1184 3560 inferre.
1220 3519 1293 3564 nem

182 3599 286 3664 &roei
301 3601 332 3662 in
347 3601 468 3684 Mycael
487 3602 633 3682 quomodo
651 3602 759 3665 abierit
776 3601 896 3664 difficile
917 3603 966 3662 est
989 3599 1149 3682 explicatu
1160 3635 1206 3646 -
1227 3606 1289 3666 291

181 3723 248 3766 eom
275 3705 389 3786 legitur
416 3704 449 3766 in
469 3703 631 3784 Vaticano,
659 3707 739 3768 ιιίιιιιι
767 3723 785 3764 e
813 3703 913 3766 oodioe
935 3701 1087 3766 (terrione
1108 3705 1141 3766 et
1162 3705 1292 3771 editione

181 3807 294 3870 Aldine
320 3809 430 3892 recepi
461 3805 654 3870 Burmannus
681 3808 802 3870 obvium
832 3826 901 3870 esse
922 3807 1093 3882 adnotavit,
1121 3809 1202 3870 odom
1221 3809 1293 3891 poni

181 3927 237 3992 pm
259 3911 383 3992 ratione,
407 3910 563 3994 disoiplinn
584 3930 675 3991 quem
698 3911 765 3992 quis
780 3913 967 3992 sequeretur.
997 3929 1104 3972 vorum
1118 3911 1150 3973 id
1163 3913 1292 3998 quidem,

181 4031 281 4093 neque
301 4017 404 4078 tamen
423 4015 493 4083 ideo
511 4017 591 4078 oobm
612 4013 786 4108 simpliciter
802 4014 934 4096 positum
953 4012 1010 4074 hoo
1030 4013 1095 4074 looo
1115 4014 1187 4078 serui
1200 4035 1293 4097 posse

181 4117 321 4180 oonoedo.
359 4118 462 4202 itequs
481 4117 617 4200 poenitet
642 4135 690 4178 me
712 4135 773 4178 non
794 4116 915 4180 dedisse
933 4116 1132 4178 Bononiensis
1153 4119 1292 4182 editionis

179 4218 341 4282 lectionem
367 4225 521 4302 quaeest
549 4209 646 4284 elium.
688 4219 927 4282 subaudiendum
966 4222 1068 4280 sutem
1096 4219 1135 4280 ad
1161 4221 1293 4290 dodim

180 4321 236 4384 tibi
253 4323 319 4386 'iota
345 4325 432 4386 tendo
458 4344 567 4412 peroso
589 4341 704 4405 perere.
726 4359 768 4370 -
793 4325 854 4385 385
884 4326 981 4386 moneo
1003 4320 1144 4386 Vetiooni
1165 4327 1293 4410 soniptu·
