3132 4968
695 415 718 480 a
733 437 841 482 vinnm
854 439 953 482 mcor

360 591 435 652 haec
456 589 508 652 ubi
528 589 609 654 dicta
628 591 729 669 dedit,
751 593 872 656 Cereris
891 598 956 656 turn
976 613 1101 658 munere
1121 598 1221 660 lassas

359 694 524 756 restituunt
542 693 624 756 vires
646 698 678 758 et
696 715 788 777 parco
808 715 933 778 corpora
953 694 1088 772 Baccho;
1338 706 1377 764 70

359 815 432 857 mox
454 815 557 860 somno
579 817 715 873 cessere;
737 801 849 878 regunt
871 817 927 862 sua
947 798 1204 906 sidera‘pnppenn

424 930 548 1012 Iamque
571 931 731 994 sublicae
754 930 861 993 dubios
879 929 1043 992 Atlantidis
1067 932 1155 1012 ignes

359 1035 441 1095 albet
461 1053 553 1114 ager,
573 1034 721 1117 motisque
744 1037 844 1097 truces
866 1035 903 1096 ab
924 1033 1052 1096 ovilibus
1074 1034 1139 1097 ursi

359 1140 426 1200 tuta
447 1139 610 1219 domosque
630 1141 754 1219 petunt,
775 1157 860 1200 raras
881 1141 912 1200 et
933 1137 1005 1199 litus
1027 1135 1058 1198 in
1080 1137 1175 1200 altum

358 1242 452 1302 mittit
472 1262 560 1316 aves3
582 1261 650 1304 cum
670 1242 785 1324 primus
807 1241 892 1322 equis
914 1237 1019 1320 exegit
1038 1241 1153 1304 anhelis
1335 1254 1373 1312 75

357 1344 497 1408 Phoebus
516 1344 619 1407 Athon
640 1345 814 1423 mediasque
838 1343 916 1404 diam
936 1341 1078 1425 dispersit
1097 1345 1128 1406 in
1147 1349 1253 1412 undas.

357 1449 494 1510 certatim
515 1449 605 1511 remis
624 1448 726 1528 agibrr
745 1465 829 1507 mare
852 1449 1010 1530 rostraque
1032 1469 1123 1512 cursu
1269 1449 1272 1456 '

356 1551 453 1634 prima
473 1555 619 1627 tremunt3
643 1555 674 1612 et
694 1549 754 1612 iam
776 1549 899 1612 summis
919 1549 1067 1614 Vulcania
1088 1553 1188 1633 surgit

357 1653 488 1715 Lemnos
508 1655 593 1736 aquis
615 1655 669 1717 tibi
688 1671 745 1736 per
761 1654 863 1716 varios
885 1653 994 1716 defleta
1014 1653 1142 1730 labores,

356 1757 543 1839 ignipotens;
564 1775 621 1819 nec
641 1762 673 1820 te
695 1755 781 1819 iuriis
802 1760 834 1818 et
855 1757 977 1819 crimine
997 1761 1128 1820 matrum
1330 1771 1373 1828 80

356 1863 438 1924 terra
459 1861 545 1942 fugat
565 1859 721 1942 meritique
742 1860 827 1943 piget
846 1859 1019 1922 meminisse
1039 1861 1155 1944 prioris.

420 1996 567 2077 Tempore
589 2014 648 2076 quo
669 1994 799 2076 primum
816 1995 952 2056 fremitus
973 1995 1132 2076 insurgere
1154 2001 1274 2082 opertos

242 2116 246 2124 '
354 2101 526 2162 caelicolum
548 2100 579 2160 et
599 2098 687 2180 regni
709 2098 804 2158 sensit
826 2098 960 2160 novitate
981 2099 1132 2159 tumentes

354 2202 492 2285 Iuppiter
513 2201 663 2264 aetheriae
682 2221 739 2263 nec
760 2204 842 2264 stara
863 2201 982 2263 silentia
1002 2199 1095 2282 pacis,
1390 2273 1393 2282 ,

352 2307 500 2369 Iunonem
520 2306 635 2367 volucri
656 2305 782 2386 primam
804 2304 961 2388 suspendit
982 2303 1112 2388 Olympo
1327 2314 1369 2372 85

281 2484 283 2488 Ι
352 2410 534 2472 horrendum
558 2411 647 2474 chaos
671 2410 833 2472 ostendens
854 2428 1027 2491 poenasque
1047 2410 1187 2472 barathri.

351 2534 424 2575 mox
447 2513 536 2574 etiam
558 2512 686 2593 pavidae
708 2515 907 2594 temptantem
927 2515 1048 2575 vincula
1068 2513 1173 2576 matris

316 2643 320 2649 ·
352 2617 470 2678 solvere
489 2617 644 2696 praerupti
665 2617 836 2678 Vulcanum
856 2617 970 2678 vertice
992 2617 1067 2678 caeli
1135 2687 1136 2692 1

351 2720 499 2793 devolvit3
526 2719 586 2780 ruit
608 2718 658 2780 illc
679 2719 747 2801 polo
771 2721 948 2802 noctemque
970 2720 1107 2802 diemque

350 2822 476 2886 turbinis
496 2823 528 2884 in
547 2842 675 2899 morem,
702 2821 810 2883 Lemni
830 2842 899 2885 cum
917 2823 1005 2886 litore
1027 2825 1149 2886 tandem
1325 2831 1366 2890 90

348 2926 488 2990 insonuit
532 2945 593 2987 vox
611 2926 680 2987 inde
701 2945 811 3007 repens
832 2929 867 2988 ut
888 2929 1018 3009 perculit
1034 2930 1148 3004 urbem,

337 3027 494 3090 -adclinem
517 3029 638 3111 scopulo
659 3029 816 3091 inveniunt
835 3029 1037 3110 miserentque
1057 3032 1219 3112 foventque

292 3132 302 3144 '
347 3133 480 3194 alternos
502 3150 594 3212 aegro
612 3133 802 3194 cunctantem
823 3133 935 3215 poplite
956 3153 1090 3212 gressus

346 3235 414 3296 hinc
436 3234 538 3296 reduci
559 3253 685 3316 superas
704 3238 864 3315 postquam
885 3239 973 3316 pater
992 3234 1098 3298 adnuit
1116 3254 1211 3316 arces,

345 3339 478 3400 Lemnos
499 3357 570 3401 cara
591 3340 660 3413 deo;
682 3357 739 3400 nec
758 3339 837 3401 fama
856 3342 954 3402 notior
975 3339 1074 3400 Aetne
1319 3345 1360 3404 95

345 3445 398 3505 aut
417 3439 545 3523 Lipares
567 3442 687 3504 domus:
709 3443 764 3504 bas
788 3444 910 3523 epulas,
930 3443 1005 3504 haec
1026 3442 1139 3523 templa
1159 3445 1284 3522 peracta

361 3683 393 3729 aa
414 3693 515 3730 munere
531 3683 595 3730 MP:
616 3695 731 3731 muneres
753 3684 779 3733 V
863 3686 895 3731 70
913 3695 1022 3746 corpora
1039 3683 1090 3732 Mt·
1109 3681 1210 3732 corioro
1231 3683 1279 3733 ΥΡ

257 3773 287 3819 lt
307 3763 437 3817 atlantidis
456 3769 498 3816 H:
516 3767 644 3816 altantidis
666 3770 696 3828 V,
715 3763 864 3817 athlantidis
882 3767 916 3825 P,
936 3765 1085 3815 saltantibus
1103 3782 1126 3816 π
1196 3771 1227 3818 78
1245 3766 1360 3832 notisqnc

254 3855 374 3904 Ποίποίιιε
451 3857 483 3903 74
499 3852 579 3903 lustra
602 3856 640 3902 nel
665 3855 738 3902 antra
756 3854 943 3901 Memnona
961 3853 978 3901 t.
1000 3853 1017 3900 l.
1034 3868 1062 3914 p.
1086 3855 1116 3901 79
1187 3867 1277 3902 raucas
1292 3853 1360 3901 Lau·

254 3943 350 3991 restim
365 3940 470 3998 Baitero,
488 3953 565 3989 raras
585 3939 707 3988 Heimtns
783 3942 813 3988 75
833 3935 929 3999 primns
948 3938 1007 3986 Pur:
1023 3937 1115 4001 primis
1131 3940 1157 3989 Υ
1230 3938 1360 3990 leundas

254 4029 319 4078 MP:
338 4023 412 4075 undis
435 4025 461 4073 V
536 4029 567 4076 79
580 4022 692 4085 sortasse
708 4022 802 4073 dilecta
883 4021 1088 4086 801gnepotens
1111 4025 1136 4074 V
1202 4023 1276 4074 furiis
1292 4027 1359 4075 Mu:

253 4113 324 4164 fariis
349 4113 396 4162 ΥΡ
462 4115 492 4161 81
512 4111 585 4174 lugat
602 4111 634 4160 P:
653 4109 728 4173 fugae
750 4109 793 4159 Vc
867 4114 899 4158 82
919 4121 1071 4171 consurgere
1088 4111 1113 4158 1²
1179 4114 1211 4160 86
1231 4123 1359 4175 penesque

253 4201 286 4250 P:
318 4213 449 4263 poenaque
473 4199 502 4257 Υ,
530 4207 686 4262 poenamque
705 4197 747 4245 Cm
813 4193 910 4244 baratri
932 4195 975 4244 ΥΟ
1059 4199 1091 4244 91
1118 4197 1232 4259 strepens
1254 4195 1357 4260 Vapor-

253 4303 297 4336 rus
366 4284 477 4350 percutit
493 4286 651 4344 Buropcsmus
738 4285 771 4330 94
788 4277 857 4330 Huic
876 4295 897 4329 π
966 4279 1053 4329 reduci
1073 4281 1138 4330 MP:
1162 4279 1245 4330 rudici
1266 4283 1291 4332 Υ

253 4377 285 4424 95
297 4369 409 4432 sartam
428 4370 542 4419 flammea
561 4369 598 4418 oct
617 4365 716 4416 flamma
734 4363 831 4430 gratior
901 4367 988 4416 aetnae
1007 4367 1050 4424 Μ,
1070 4365 1162 4416 aethna
1180 4370 1204 4416 P

436 4565 1090 4936 Uro
