3086 4968
260 436 324 476 xm
697 435 925 476 Peonneonnnon

260 603 326 666 nino
346 621 398 665 nco
408 601 500 682 fanto
514 599 641 682 fefellit,
659 597 829 683 Sotipennnn
845 599 955 664 Aeeten
971 620 996 664 e.
1010 623 1037 683 q.
1054 621 1076 664 s.
1091 601 1209 682 fefellit
1221 603 1371 686 velsefpg.

168 703 174 724 ⁸
261 705 362 774 terunt
383 705 476 766 etiarn
496 704 535 766 ad
557 723 609 766 neo
626 704 728 786 petoni
746 724 799 767 nos
819 705 905 768 mdtc
925 707 991 768 miro
1014 706 1184 787 pertinere,
1207 706 1285 769 vidit
1305 709 1370 788 qui·

263 809 331 871 dem
353 809 546 889 Wagnerus,
564 808 618 869 sed
638 808 819 869 sententiam
838 808 985 870 enuntiati
1006 828 1066 870 non
1085 810 1167 870 recte
1187 810 1280 890 cepit,
1301 830 1372 873 oum

263 911 425 990 significari
444 911 570 988 dicebat,
591 910 786 992 Argonautas
808 912 907 974 omnia
924 911 1017 972 maris
1035 912 1170 993 pericula
1188 930 1265 991 quae
1284 933 1372 993 pree-
1451 999 1453 1004 ,

261 1015 400 1081 nuntiata
420 1015 525 1076 essent
545 1033 652 1096 passos
673 1033 757 1088 esse;
778 1014 810 1074 id
829 1015 931 1096 potius
946 1013 1093 1094 gloriatur
1105 1014 1207 1091 Iason,
1227 1036 1266 1076 ne
1284 1017 1371 1079 innu-

262 1117 353 1178 meris
376 1118 495 1199 quidem
523 1135 600 1197 quae
626 1116 658 1177 in
685 1118 794 1196 pelago
820 1120 960 1198 paterent
979 1116 1037 1178 riis
1059 1117 1198 1179 effectum
1220 1137 1306 1195 esse,
1334 1123 1371 1182 ut

261 1219 386 1302 Minyae
408 1223 446 1282 ab
463 1221 546 1281 recto
558 1219 666 1281 itinere
679 1219 710 1290 in
725 1218 875 1281 diversam
890 1219 1044 1299 regionem
1057 1218 1240 1283 aberrarent.
1262 1221 1292 1282 V
1303 1226 1367 1285 475

262 1326 306 1386 tot
327 1343 431 1401 omns,
451 1322 600 1386 horrcndo
618 1326 661 1385 tot
679 1324 747 1384 noio
767 1325 863 1384 mensi
879 1323 1030 1402 leguntur.
1069 1323 1124 1382 ssd
1144 1341 1232 1385 morra
1252 1328 1392 1396 emetri-i,

262 1445 331 1486 cnm
351 1427 472 1507 proprie
494 1424 552 1486 dici
573 1445 633 1486 non
655 1425 759 1505 possit,
783 1425 859 1486 alius
881 1426 966 1487 verbi
988 1425 1186 1506 participium,
1203 1429 1293 1509 possi
1309 1427 1369 1489 for-

262 1529 361 1606 tasse,
386 1547 403 1590 e
427 1533 524 1591 mensi
544 1528 720 1590 eliciendum
744 1547 813 1588 esse
835 1533 969 1610 apparet
994 1564 1036 1574 —
1058 1531 1098 1590 ad
1120 1529 1261 1610 exempla
1279 1530 1370 1595 huius

263 1632 423 1693 schematis
446 1632 537 1694 ctiam
558 1632 588 1692 V
603 1635 666 1693 304
683 1649 746 1710 sqq.
764 1631 871 1708 refero,
894 1650 1073 1712 quamquam
1094 1633 1126 1695 hi
1146 1651 1256 1694 versus
1276 1632 1369 1715 impe·

263 1735 326 1796 dita
351 1755 469 1814 quoque
500 1734 594 1796 totius
624 1733 771 1795 enuntiati
800 1734 1030 1795 conformatione
1053 1735 1172 1796 obscuri
1194 1738 1273 1797 sunt
1308 1757 1370 1801 nro-

261 1859 332 1900 vcns
353 1838 432 1899 enim
460 1836 649 1919 participium
676 1838 708 1897 in
736 1857 829 1897 versu
852 1841 912 1900 305
935 1837 1065 1916 positum
1086 1838 1177 1898 etiam
1198 1839 1238 1899 ad
1260 1859 1370 1902 versus

264 1945 327 2003 307
341 1945 373 2002 et
389 1946 452 2003 308
473 1941 613 2022 pertinet
653 1959 721 2001 oum
742 1941 843 2000 autem
861 1939 1002 2020 fatorum
1023 1944 1107 2002 ortus
1130 1943 1168 2002 ab
1189 1942 1287 2024 aliquo
1309 1965 1370 2007 rno-

262 2049 331 2108 ncri
351 2065 411 2107 non
432 2044 552 2126 proprie
578 2043 710 2118 dicatur,
735 2045 871 2124 operiens
884 2044 946 2106 ,vel
969 2044 1065 2104 simile
1087 2045 1276 2125 participium
1300 2067 1371 2130 sup

262 2147 405 2229 plendum
425 2154 480 2210 est
495 2183 540 2192 -
554 2146 618 2206 VII
636 2150 699 2208 004
713 2166 776 2226 sqq.
798 2146 995 2208 vehementer
1014 2148 1166 2208 vexarunt
1177 2147 1370 2229 interpretes,

263 2271 388 2332 quorum
424 2252 610 2314 coniecturas
639 2251 671 2310 in
700 2250 892 2312 adnotatione
924 2251 1027 2313 critice
1053 2251 1189 2331 repetivi.
1232 2253 1371 2330 equidem

263 2373 332 2414 cum
353 2355 510 2434 Wagnero
531 2356 586 2416 hos
608 2374 717 2416 versus
739 2352 781 2414 ita
803 2354 998 2434 explicandos
1019 2373 1086 2415 esse
1111 2355 1201 2429 duco,
1219 2359 1258 2417 ut
1278 2355 1371 2419 Iason

262 2476 331 2517 cum
346 2457 475 2539 Lapitha
496 2460 694 2538 comparetur,
717 2455 768 2534 qui
787 2459 875 2535 terga
897 2458 967 2536 equi
988 2477 1094 2520 recens
1116 2477 1134 2518 e
1153 2459 1270 2520 telluris
1285 2459 1370 2522 hiatu

262 2559 363 2620 exorti
386 2593 421 2602 -—
444 2559 578 2619 meminit
605 2561 734 2618 fortasse
762 2559 853 2638 poeta
868 2561 1012 2639 Vergilii,
1040 2561 1092 2640 qui
1115 2562 1252 2641 georg.I
1272 2567 1311 2623 12
1325 2583 1369 2643 sq.

262 2661 309 2722 his
331 2662 432 2722 vorbis
453 2662 628 2742 Neptunum
651 2659 821 2739 adloquitur
840 2664 929 2743 tnqne
950 2683 984 2739 o,
1005 2667 1058 2725 cni
1070 2668 1175 2746 primo
1187 2664 1370 2744 frementem

259 2763 342 2841 fudit
367 2783 450 2826 nonno
476 2783 582 2845 mopno
610 2764 701 2824 tetius
723 2781 869 2842 percusso
899 2766 1037 2844 tridenti,
1065 2766 1202 2850 Neptune
1229 2803 1271 2814 -
1300 2788 1369 2830 oon·
1395 2767 1397 2772 ’

262 2868 381 2928 scandit
406 2870 438 2928 et
459 2887 569 2945 equum
591 2866 784 2926 resistentem
806 2867 902 2947 primo
929 2873 961 2930 et
981 2869 1158 2930 frementem
1178 2870 1303 2931 habenis
1325 2872 1369 2934 ori

139 2967 142 2972 ’
262 2971 403 3031 adhibitis
431 2969 553 3030 domuit.
589 2967 754 3028 obscuritas
775 2971 876 3030 nutem
898 2975 930 3033 et
950 2972 1133 3052 inelegantis
1151 2974 1317 3035 sententiae
1337 2976 1370 3035 in

263 3093 299 3134 eo
320 3073 419 3153 posita
435 3075 498 3148 est,
525 3071 603 3152 quod
624 3068 754 3149 Lapitha
775 3074 811 3131 ut
828 3075 915 3152 terga
935 3075 978 3136 ita
998 3097 1134 3138 murmur
1156 3077 1226 3155 equi
1245 3076 1370 3140 habenis

262 3177 411 3238 invasisse
435 3175 550 3236 dicitur.
570 3209 614 3218 -—-
636 3172 764 3252 denique
790 3173 1010 3254 ineptissimum
1036 3199 1165 3260 neugma
1188 3181 1267 3261 quod
1290 3180 1370 3242 VIII

264 3283 327 3342 254
350 3281 494 3341 habemus
515 3295 603 3338 nemo
623 3294 683 3336 non
709 3275 908 3356 vituperabit;
941 3281 991 3342 ubi
1020 3284 1100 3362 quod
1128 3283 1219 3362 pocta
1248 3284 1370 3365 scripsit

257 3403 335 3466 poro
356 3386 485 3460 neribus,
500 3399 578 3464 pars
600 3378 726 3441 undanti
745 3379 899 3462 despumat
917 3403 987 3446 ceno
1001 3403 1017 3444 e
1031 3384 1229 3468 despumante
1242 3389 1369 3450 verbum

264 3486 388 3548 assandi
408 3486 554 3547 advoces
577 3501 654 3563 quae
676 3484 747 3542 sunt
763 3503 841 3565 pars
861 3487 982 3548 ombus
1001 3507 1062 3548 non
1076 3489 1162 3550 facile
1182 3492 1347 3572 suppletur.

367 3587 469 3649 Etiam
487 3588 519 3646 in
541 3586 632 3646 rebus
655 3585 856 3664 grammaticis
877 3587 1019 3652 Valerius
1046 3595 1300 3656 sconsuetudine
1322 3615 1369 3658 ee-

263 3695 396 3753 terorum
415 3691 593 3772 scriptorum
614 3709 675 3751 non
696 3707 859 3767 numquam
877 3691 1019 3767 recessit;
1043 3693 1150 3773 quibus
1172 3695 1246 3758 locis
1269 3717 1368 3760 emen-

262 3793 383 3855 datione
412 3813 488 3874 opus
516 3812 585 3853 esse
615 3812 683 3852 cum
711 3791 891 3872 interpretes
917 3795 1094 3875 plerumque
1114 3799 1299 3879 putaverint,
1333 3821 1369 3862 eo

263 3897 394 3958 maxime
419 3896 580 3977 disputatio
605 3899 709 3960 nostra
731 3894 853 3971 redibit,
882 3899 917 3956 ut
939 3898 1082 3961 librorum
1102 3903 1247 3964 memoria
1268 3904 1369 3966 deten-

265 4002 360 4062 datnr.
398 4001 493 4062 veluti
515 3999 532 4061 I
554 4003 632 4075 109,
657 4000 708 4060 ubi
732 4017 834 4059 omnes
854 4000 918 4060 fere
951 4002 1082 4065 editores
1110 4008 1203 4067 tnrnet
1222 4025 1298 4086 quae
1321 4011 1370 4069 est
1435 3987 1437 3992 ,

262 4104 420 4186 Baptistae
433 4104 479 4164 Pii
499 4103 669 4166 coniectura
688 4102 901 4182 probaverunt,
920 4106 1017 4168 tomen
1038 4125 1056 4167 e
1076 4105 1225 4169 codicibus
1240 4110 1370 4186 restitui,

264 4227 341 4287 quae
362 4208 509 4288 particula
530 4206 656 4268 eandem
675 4206 739 4268 fere
757 4205 819 4266 vim
839 4207 931 4268 habet
945 4207 1002 4269 hoc
1023 4209 1097 4286 loco,
1119 4229 1207 4290 quam
1228 4215 1306 4276 corte
1318 4214 1369 4274 rel

264 4313 401 4372 nostrum
428 4311 501 4374 doch
528 4313 708 4391 wenipstcns.
749 4307 837 4369 simili
866 4309 979 4370 ratione
1002 4311 1142 4373 Valerius
1163 4317 1260 4376 tomen
1281 4335 1369 4378 usur-

461 4841 849 4938 A·
