3086 4968
659 416 749 457 carm·
770 419 789 457 1.
1236 415 1277 460 XV

167 595 236 651 erat
262 589 335 648 dare
357 585 467 646 debuit.
489 619 532 628 —
562 582 609 646 VI
633 588 694 646 176
721 584 801 644 idem
822 582 968 646 Heinsius
990 587 1023 646 et
1044 584 1276 648 Friesemannus

168 692 254 770 (eoll
282 690 345 754 erit
373 689 539 752 Amstelod.
563 689 666 765 1786)
697 685 875 765 Gorgoneos
907 686 1005 748 crines
1037 708 1091 750 eur
1120 692 1278 753 amburet

166 797 260 876 poeta
290 795 431 854 vocasset
463 811 523 852 non
557 793 717 871 oeperunt:
748 791 800 850 ille
828 791 866 850 de
899 810 973 854 vooe
1007 793 1194 855 emendanda
1225 794 1277 854 de-

168 915 311 980 sperasse
324 897 454 972 videtur,
468 896 516 956 bie
529 893 670 973 soarfloos
681 894 828 970 restituit;
841 894 921 972 quod
935 894 1092 956 inventum
1104 897 1143 958 ad
1158 899 1283 980 sentem

168 1005 246 1066 tiam
266 1001 387 1081 quidem
406 1019 466 1060 non
489 999 625 1078 ineptum
645 1000 701 1074 est,
725 997 779 1056 sed
801 997 919 1058 traditis
941 997 1050 1058 littaris
1072 1019 1180 1080 parum
1198 1019 1277 1061 eom-

168 1106 338 1168 mendatnr.
391 1101 610 1163 inconsiderate
642 1098 800 1166 Valerium
829 1100 976 1162 adieetivo
1004 1101 1054 1162 illo
1090 1122 1178 1164 usum
1209 1121 1278 1164 esse

171 1207 366 1272 manifestum
387 1207 443 1266 est.
479 1203 599 1264 vultum
616 1202 696 1262 enim
718 1200 885 1282 Gorgonis,
912 1205 963 1285 qui
982 1205 1099 1284 rigidus
1119 1207 1160 1268 sit
1181 1210 1214 1268 ot
1234 1207 1278 1267 in-

172 1313 283 1386 motus,
305 1308 485 1370 seminecem
506 1325 568 1366 non
588 1305 690 1386 inepte
719 1306 845 1367 forsitan
867 1308 974 1388 aliquis
997 1309 1123 1385 dixerit,
1149 1311 1205 1370 sed
1227 1329 1278 1370 an-

172 1413 295 1494 guineis
314 1411 445 1473 omnibns
466 1410 621 1491 epitheton
640 1408 714 1470 illud
737 1410 819 1470 nullo
841 1413 928 1474 modo
947 1413 1096 1474 convenit.

275 1567 409 1628 111646
440 1563 698 1645 Eyssenhardtius
730 1569 816 1644 (mus.
836 1565 931 1628 Rben.
954 1565 1051 1627 XVII
1072 1587 1100 1648 p.
1125 1571 1187 1629 387
1204 1570 1279 1648 sqq.)
1309 1639 1312 1646 ,

166 1673 341 1755 poborabos
365 1668 529 1730 ablativum
556 1669 678 1729 tolerari
703 1689 793 1750 posse
822 1670 960 1748 negavit,
990 1671 1069 1750 quod
1095 1691 1169 1752 prae
1192 1691 1278 1751 prae-

172 1774 332 1857 positionis
358 1775 423 1839 loco
451 1772 615 1833 ablativum
641 1773 712 1854 poni
740 1772 906 1834 inauditum
921 1776 1019 1833 esset.
1054 1773 1156 1851 itaque
1178 1776 1282 1854 potobr

173 1879 285 1960 quobus
317 1877 372 1938 ille
405 1876 579 1957 temptavit,
613 1879 647 1936 ut
677 1875 833 1955 Meleager
862 1896 930 1936 oum
961 1875 998 1935 iis
1030 1873 1081 1954 qui
1113 1875 1280 1937 sententiae

173 1981 271 2061 ipsius
293 1979 434 2040 favebant
456 1981 645 2060 comparatus
665 1979 765 2059 potior
782 1978 880 2039 dietus
899 1979 945 2039 sit.
976 1996 1073 2058 neque
1088 1983 1189 2040 tamen
1205 2000 1280 2062 opus

106 2091 112 2102 '
174 2085 223 2145 est
249 2083 433 2157 coniectura;
471 2101 538 2143 eam
571 2082 651 2142 enim
666 2081 795 2162 fovendi
818 2083 911 2143 verbo
938 2083 1089 2144 notionem
1118 2083 1208 2162 poeta
1236 2081 1279 2142 in-

173 2185 260 2261 didit,
286 2189 321 2246 ut
342 2186 421 2245 idem
442 2187 506 2247 fere
526 2176 675 2264 signifieat
690 2185 770 2264 quod
785 2188 885 2267 mapa
898 2187 985 2266 requi
996 2185 1046 2245 vel
1058 2187 1155 2266 mepte
1168 2205 1277 2246 amore.

173 2290 254 2371 quod
285 2290 311 2350 si
337 2293 420 2362 reete
451 2289 610 2351 observavi
637 2289 807 2371 potionatus
834 2287 983 2350 ablativus
1012 2291 1059 2348 est
1087 2307 1176 2368 quem
1203 2307 1280 2348 oom-

173 2392 339 2473 parationis
359 2394 468 2454 voeant
487 2392 680 2471 grammatici
710 2391 744 2453 ei.
766 2391 830 2453 VH
850 2395 914 2452 428
937 2412 978 2472 sq.

277 2538 324 2602 IV
347 2543 387 2601 88
418 2539 497 2621 quod
527 2539 609 2600 libris
639 2540 784 2604 traditum
812 2541 860 2600 est
895 2538 972 2620 qood
1005 2539 1098 2601 samad
1126 2539 1282 2622 adsumpto

168 2643 296 2724 pertram
318 2642 400 2722 fide,
425 2644 485 2706 iam
512 2643 538 2704 is
567 2643 693 2704 moleste
723 2643 808 2718 tulit,
837 2661 940 2722 aquo
964 2642 1056 2704 editio
1082 2641 1281 2704 bononiensis

174 2746 245 2810 anni
278 2748 361 2807 1498
393 2740 538 2808 adornata
564 2749 628 2822 est,
655 2745 687 2806 in
715 2765 776 2824 qua
803 2745 917 2826 legitur
943 2767 999 2827 quo
1025 2747 1118 2808 sr'mol
1145 2746 1283 2808 adsumta

168 2849 282 2931 pulsus
298 2847 365 2928 fide
384 2851 483 2912 luctus
503 2869 528 2909 e.
544 2870 570 2928 q.
589 2867 622 2925 s,
644 2849 692 2909 oui
713 2849 902 2910 oonieoturae
922 2847 1114 2908 Burmannus
1134 2850 1282 2910 caleulum

175 2971 265 3012 suum
293 2952 409 3014 adieere
431 2973 491 3014 non
519 2952 676 3014 dubitavit.
710 2952 765 3012 sed
789 2953 889 3033 lyram
906 2953 1020 3033 pellere
1041 2970 1109 3011 eum
1130 2952 1219 3014 dietio
1241 2953 1289 3032 sitx

174 3054 273 3135 poetis
300 3055 503 3136 frequentata,
525 3055 667 3116 Valerius
695 3074 814 3116 carmen
848 3073 981 3136 quoque,
1011 3054 1090 3134 quod
1124 3075 1141 3116 e
1172 3055 1281 3117 fidibus

174 3157 303 3239 pulsatis
332 3159 418 3240 quasi
448 3159 623 3234 elideretur,
653 3159 726 3240 pelli
756 3158 839 3220 dixit.
880 3177 956 3238 quae
982 3158 1284 3238 interpretationum

174 3260 335 3324 Heinsium
355 3283 416 3324 non
437 3262 564 3337 falleret,
584 3262 676 3326 miror
698 3282 768 3324 euru
789 3260 960 3324 coniectura
980 3260 1084 3321 versui
1104 3262 1283 3322 subvenien-

175 3364 248 3426 dum
269 3384 339 3426 esse
363 3365 503 3440 duxisse;
526 3365 647 3447 scripsit
670 3365 749 3428 enim
770 3385 827 3448 quo
846 3347 939 3426 simol
960 3366 1092 3426 meanto
1105 3365 1198 3447 pulso
1208 3363 1284 3444 fida,

175 3486 237 3548 qua
270 3468 435 3530 mutatione
458 3469 554 3530 verba
578 3487 639 3530 non
668 3471 769 3548 egent.
806 3486 876 3529 nam
900 3467 993 3530 amul
1021 3486 1039 3527 o
1069 3468 1285 3530 consuetudine

174 3573 333 3651 poetarum
355 3591 409 3653 pro
430 3573 610 3654 simulatque
631 3571 772 3634 Valerius
792 3570 901 3653 posuit,
922 3589 1021 3651 neque
1041 3574 1085 3633 ost
1105 3571 1285 3654 adpulsum

174 3673 295 3736 difficile
326 3675 510 3737 subauditur.
547 3677 681 3736 ceterum
709 3695 778 3736 eum
805 3676 863 3736 boo
887 3692 981 3734 versu
1008 3693 1071 3734 non
1097 3672 1198 3754 inepte
1226 3676 1284 3736 for·

174 3779 259 3840 tasse
278 3780 487 3859 conponuntur
505 3777 551 3840 VI
576 3783 648 3857 310,
667 3761 780 3840 ubi'ad
801 3777 974 3858 exemplum
994 3777 1125 3838 usitatae
1146 3776 1284 3838 dictionis

151 3898 254 3960 ·quae
285 3884 334 3940 est
367 3883 459 3944 vitam
493 3883 544 3942 vel
574 3880 647 3961 foto
680 3883 856 3964 abrumpere
889 3881 966 3942 bano
995 3881 1149 3942 inventam
1190 3879 1284 3940 habes

173 4001 276 4066 sepner
304 3986 397 4046 metas
416 3984 435 4045 i.
456 4003 480 4045 e.
502 3985 584 4046 vitae
605 3986 795 4068 obrumpere,
822 3989 855 4047 et
875 3983 940 4046 VII
962 3986 1043 4059 533,
1071 3982 1122 4045 ubi
1142 3968 1283 4043 Valerius

173 4085 347 4165 Vergilium
360 4083 502 4148 Ovidium
525 4088 608 4164 alios,
628 4088 679 4169 qui
701 4089 804 4150 dolore
825 4089 876 4150 vel
896 4088 999 4150 labore
1019 4085 1069 4146 vel
1091 4083 1180 4146 animi
1197 4082 1283 4144 moti-

174 4191 230 4252 bus
254 4191 337 4272 oarpi
359 4191 489 4272 aliquem
511 4193 593 4254 reote
615 4191 772 4267 dixerunt,
801 4191 903 4274 inepte
929 4190 1064 4252 imitatus
1086 4188 1161 4248 haee
1182 4186 1284 4267 posuit

173 4295 233 4358 beo
251 4295 345 4358 aare
365 4297 475 4358 iterum
496 4294 639 4378 carpenda
655 4296 791 4381 periotes.
