3086 4968
253 432 303 472 m*
687 433 916 476 rnotuoomors

256 597 396 660 cluserim
415 599 506 660 etiam
525 617 606 661 nuno
628 600 731 661 dubito
756 617 846 679 quam
867 600 1005 662 maxime.
1042 619 1150 661 verum
1170 599 1291 678 quidem
1315 603 1364 662 est

188 725 205 746 e
257 704 290 764 et
310 702 463 764 abundare
483 721 606 762 versum
627 706 660 763 et
678 701 759 765 VIII
782 707 821 764 97
843 705 906 764 tarn
928 703 1055 764 similem
1076 721 1161 780 esse,
1189 704 1225 762 ut
1243 721 1286 762 ex
1307 703 1364 764 hoc

256 805 307 866 ille
329 804 447 866 effictus
466 804 564 865 videri
585 807 698 886 possit,
729 826 827 886 neque
849 806 940 882 latet,
967 805 999 864 in
1020 805 1114 866 Inibiis
1139 805 1280 866 librorum
1305 805 1364 866 fro-

257 906 431 987 quentiores
453 925 521 967 esso
542 908 798 992 interpolationes,
821 929 910 990 quarn
931 909 964 970 in
976 908 1192 989 posterioribus
1210 908 1365 989 partibus:

257 1029 325 1071 oum
349 1012 451 1070 tamen
476 1011 508 1072 in
528 1033 588 1076 una
608 1017 740 1078 1101101010
760 1035 853 1091 voce,
881 1031 959 1094 quae
979 1031 1033 1093 pro
1056 1015 1193 1088 externo,
1220 1011 1365 1072 librorum

259 1114 438 1191 testimonio,
461 1117 498 1178 ab
518 1117 604 1178 Italis
620 1119 763 1180 restituta
784 1121 840 1198 est,
861 1118 1031 1191 haereatur,
1055 1133 1172 1190 vereor,
1191 1134 1230 1174 ne
1250 1117 1365 1176 temere
1418 1133 1421 1142 ·

258 1219 372 1298 egsum
390 1237 514 1280 versum
534 1221 668 1301 spurium
682 1241 751 1282 esse
767 1222 923 1283 coniciens.
957 1221 1048 1298 atque
1062 1219 1196 1280 lzesaerno
1209 1216 1285 1278 illud
1298 1218 1365 1297 ipse

258 1340 376 1401 quoque
399 1322 482 1399 dedi,
506 1322 586 1402 quod
606 1325 759 1386 1100101001
780 1323 960 1384 adiectivum
979 1323 1011 1383 in
1031 1322 1117 1382 libris
1139 1340 1231 1382 manu
1244 1321 1366 1402 scriptis

257 1422 288 1484 iu
309 1428 450 1487 externus
470 1425 646 1505 saepissime
669 1427 779 1488 abiisse
800 1427 862 1487 vidi
888 1427 920 1486 et
945 1425 1026 1503 quod
1047 1424 1177 1504 aliquam
1198 1426 1290 1487 habet
1312 1445 1364 1486 ex-

257 1526 464 1608 plicationem,
493 1531 529 1589 ut
556 1530 724 1592 hesternum
751 1550 892 1594 venenum
923 1529 963 1590 sit
988 1529 1131 1590 hesterno
1153 1528 1202 1588 die
1224 1528 1365 1588 inlusum.

258 1631 363 1690 contra
376 1628 494 1690 Heinsii
514 1631 627 1694 0110100
649 1632 719 1712 quid
740 1633 796 1694 sibi
817 1633 892 1694 velit
912 1651 971 1693 non
990 1631 1145 1710 intellego,
1166 1649 1265 1711 neque
1284 1630 1365 1708 quod

256 1730 515 1811 Eyssenhardtius
534 1735 691 1815 proposuit
711 1737 826 1796 aterno
848 1733 947 1796 minus
968 1736 1095 1814 languet
1114 1751 1204 1814 quam
1217 1731 1366 1794 Italorum

257 1837 466 1896 commentum.
506 1838 545 1898 ad
575 1837 756 1898 seutentiam
784 1840 888 1917 aptum
918 1840 967 1899 est
994 1841 1136 1920 insperso
1164 1871 1210 1880 —
1236 1835 1268 1896 in
1297 1836 1366 1898 libri

258 1939 382 1999 secundi
410 1940 551 2001 versibus
575 1943 637 2002 386
661 1943 692 2001 et
716 1943 778 2002 387
802 1939 997 2002 emendandis
1020 1941 1074 2000 aut
1099 1939 1285 2019 explicandis
1307 1939 1365 2001 riri

258 2041 338 2103 docti
370 2061 477 2121 parum
502 2042 630 2104 feliciter
657 2042 771 2104 versati
803 2045 881 2102 sunt.
925 2061 994 2104 nam
1023 2043 1089 2104 sive
1118 2040 1306 2105 Gronovium
1334 2046 1366 2104 et

257 2144 417 2207 Heinsium
434 2145 578 2226 sequeris,
600 2145 664 2206 siue
687 2144 912 2208 Carrionem'et
929 2144 1091 2225 Heynium‚
1115 2146 1169 2204 aut
1189 2163 1283 2226 equus
1302 2164 1367 2206 vox

257 2248 317 2310 duo
339 2250 431 2310 habet
449 2249 583 2329 epitheta
602 2248 682 2309 inter
703 2268 737 2308 se
757 2267 819 2310 11011
840 2248 988 2329 copulata,
1009 2251 1063 2308 aut
1083 2251 1174 2309 terro.
1214 2266 1305 2326 quem
1326 2250 1365 2310 ob

257 2370 322 2412 rem
342 2353 438 2414 brento
459 2351 575 2413 mutavi
596 2354 628 2412 et
647 2355 701 2414 otc
720 2352 843 2433 scripsi,
866 2350 1030 2412 Burmanni
1049 2370 1124 2413 usus
1148 2350 1366 2428 observatione,

258 2473 351 2533 equos
372 2455 548 2535 priusquam
569 2455 673 2516 domiti
699 2456 759 2517 sint
781 2459 813 2516 et
841 2455 966 2516 exerciti
992 2454 1024 2514 in
1050 2453 1170 2516 laevum
1196 2455 1299 2516 orbem
1319 2455 1364 2518 ire

257 2558 364 2618 solere.
398 2577 466 2618 cum
494 2560 595 2618 autem
621 2558 817 2638 neglegentia
845 2558 1034 2618 librariorum
1061 2561 1115 2620 010
1144 2579 1204 2620 uon
1232 2561 1367 2640 potuerit

258 2659 340 2721 abire
361 2659 393 2721 in
416 2661 527 2738 brerae,
556 2662 598 2723 ita
623 2663 696 2723 mihi
721 2661 796 2722 finxi
819 2665 957 2722 exortam
978 2679 1047 2721 esse
1075 2663 1291 2743 corruptelam,
1322 2666 1367 2740 ut,

257 2765 304 2826 nie
318 2763 430 2825 factos
450 2768 513 2842 0101,
534 2766 698 2827 mouaohus
720 2764 827 2844 aliquis
851 2765 941 2844 paulo
958 2764 1105 2826 doctiore
1124 2785 1180 2827 sua
1195 2765 1366 2828 coniectura

258 2868 449 2949 rescripserit
468 2869 581 2945 breno,
607 2870 742 2949 cogitans
765 2867 816 2928 ille
836 2869 875 2928 ds
898 2886 975 2947 equo
997 2868 1060 2928 loro
1082 2887 1142 2930 non
1164 2869 1252 2930 nimis
1274 2869 1366 2948 longo

259 2971 297 3032 ad
324 2971 426 3051 palum
455 2971 595 3051 adligato.
626 3009 667 3017 —
694 2971 822 3051 denique
849 2971 995 3032 hocloco
1025 2970 1143 3050 protero
1173 2972 1242 3034 libri
1267 2973 1367 3052 quarti

258 3094 383 3136 versum
396 3077 469 3150 526,
482 3093 570 3154 quem
586 3095 654 3136 eum
667 3073 812 3135 Heinsius
827 3077 859 3134 ct
871 3072 1062 3135 Burmannus
1077 3079 1251 3155 suspectum
1263 3075 1362 3136 reddi-

258 3177 375 3238 dissent
387 3178 564 3257 Wognerus
584 3177 754 3240 felicissime
767 3176 908 3237 defendit
933 3154 1175 3260 nonnumquam
1189 3199 1246 3242 aon
1259 3200 1287 3240 v.
1296 3182 1360 3242 525

259 3281 391 3362 reposito
414 3281 525 3363 optIms
547 3281 646 3342 omnia
668 3283 848 3361 procedunt,
876 3300 975 3361 neque
1002 3281 1121 3343 invenio
1143 3283 1222 3362 quod
1244 3303 1305 3344 non
1327 3283 1367 3345 sit

258 3384 391 3444 latinum.
427 3388 553 3446 01011101
575 3385 653 3446 enim
676 3403 744 3445 oum
761 3384 935 3463 Wagnerus
953 3385 1100 3466 exemplis
1122 3385 1247 3466 prolatis
1264 3385 1309 3464 (II
1326 3389 1365 3448 99

260 3488 292 3544 et
313 3484 377 3548 VH
397 3489 474 3565 484)
497 3488 540 3549 ita
569 3506 588 3548 a
609 3485 732 3548 Valerio
751 3485 891 3566 usurpari
911 3487 1178 3564 demonstraverit,
1209 3491 1244 3549 ut
1269 3489 1366 3569 passi·

258 3607 329 3649 vam
348 3588 410 3649 vim
429 3589 547 3665 habeat,
566 3610 628 3651 non
647 3588 760 3670 poterit
780 3577 918 3666 dubitari,
939 3590 1011 3669 quin
1033 3591 1124 3652 etiam
1146 3591 1254 3652 tertius
1276 3609 1366 3653 casus

258 3691 414 3773 participio
433 3691 476 3752 illi
497 3694 579 3754 recte
599 3695 750 3772 iungatur.

362 3794 454 3856 Haud
486 3797 574 3875 pauci
601 3815 711 3857 versus
740 3796 771 3855 in
792 3794 938 3858 Vaticano
971 3795 1041 3856 inde
1070 3796 1168 3858 labem
1196 3799 1367 3873 traxerunt,

259 3899 339 3979 quod
359 3898 472 3961 librarii
491 3899 523 3959 in
545 3918 614 3975 eos,
636 3900 687 3980 qui
707 3899 844 3981 proxime
871 3904 925 3961 sut
945 3900 1127 3962 antecedunt
1146 3902 1199 3960 ant
1222 3903 1367 3962 secuntur

258 4003 437 4064 aberrarunt
456 4004 487 4064 et
507 4021 548 4062 ex
569 4002 606 4062 iis
627 4004 722 4064 verba
741 4002 773 4062 in
789 4003 889 4082 ipsum
902 4024 991 4084 quem
1006 4005 1177 4066 scribebant
1189 4003 1365 4084 adsumpse-

259 4111 337 4168 runt.
374 4107 467 4168 vsluti
488 4106 556 4167 libri
578 4105 665 4187 primi
685 4123 793 4166 versus
806 4105 1048 4168 undevicesimus
1063 4107 1167 4189 incipit
1181 4125 1200 4168 a
1212 4125 1265 4169 eea
1280 4125 1367 4185 voce,

260 4227 336 4289 quae
357 4209 473 4272 nullum
493 4210 535 4271 ibi
554 4211 654 4271 locum
675 4209 780 4283 habet,
808 4207 912 4270 sedin
933 4209 1016 4271 initio
1038 4210 1224 4292 insequentis
1244 4229 1365 4289 versus,

260 4313 311 4375 ubi
341 4333 407 4376 eam
435 4313 659 4389 desideramus,
687 4316 715 4376 et
744 4311 1067 4379 urbevetanus.
1109 4317 1164 4376 aut
1183 4314 1287 4391 fabor,
1309 4319 1366 4378 aut

357 4608 602 4931 A·
671 4404 1075 4934 [r
