3072 4974
683 430 707 470 0.
722 426 828 468 Vfflltl
841 425 941 466 mem

348 577 516 642 Ausoniam
533 578 632 658 videt,
654 581 686 642 at
706 597 815 642 saevas
836 577 979 642 accedere
1002 575 1131 670 Syrtes..

348 685 415 743 tum
436 683 551 761 tamen,
573 681 694 744 infando
715 701 793 764 quae
814 683 866 744 det
884 699 1031 763 responsa
1051 683 1192 763 tyranno,

350 784 464 864 colligit
485 787 517 847 et
537 786 660 847 tandem
679 787 787 848 obtutu
808 784 964 864 consurgit
985 784 1023 846 ab
1044 784 1115 846 alto.

324 873 424 948 '‘non'
445 885 490 948 ait
504 879 573 950 ‘hos
592 888 725 970 reditus,
745 906 807 950 non
827 888 920 966 hanc,
942 886 1052 965 Aeeta,
1076 887 1185 952 dedisti

288 1037 293 1049 ,
348 1007 434 1070 spem
453 989 584 1072 Minyis,
606 1012 675 1054 cum
694 973 875 1074 primatuis
895 1009 952 1072 pro
972 989 1128 1053 moenibus
1150 1011 1236 1056 arma
1323 997 1367 1058 90

348 1093 509 1156 induimus.
533 1116 592 1177 quo
612 1115 703 1158 versa
722 1094 819 1156 fides?
845 1112 920 1175 quos
935 1093 1046 1160 uestra
1070 1093 1208 1158 volutant

239 1229 243 1238 ι
345 1195 431 1259 iussa
447 1198 554 1260 dolos?
576 1197 666 1260 alium
687 1199 736 1262 hio
753 1198 873 1275 Pelian,
894 1196 953 1260 alia
973 1212 1104 1278 aequora
1125 1217 1223 1261 cerno.

347 1299 419 1379 quin
441 1301 523 1381 agite
540 1302 598 1364 hoc
620 1321 723 1362 omncs
742 1301 877 1382 odiisque
899 1301 1031 1380 urguete
1048 1301 1172 1381 tyranni

346 1401 539 1484 imperiisque
561 1406 664 1485 caput;
688 1423 852 1484 numquam
872 1403 945 1466 mihi
964 1403 1092 1466 dextera
1111 1423 1169 1466 neo
1188 1423 1261 1486 spes

345 1504 487 1582 defuerit3
508 1525 574 1569 mos
595 1505 679 1568 iussa
697 1507 762 1588 pati
780 1525 836 1568 nec
856 1505 963 1569 cedere
983 1506 1076 1570 duris.
1140 1575 1146 1585 p
1322 1511 1364 1570 95

345 1627 438 1670 unum
459 1628 528 1685 oro,
550 1628 605 1670 seu
624 1629 674 1671 me
694 1611 747 1672 illa
768 1610 831 1672 suis
850 1629 941 1691 seges
959 1610 1066 1672 obruet
1084 1610 1190 1691 hastis,

342 1709 462 1774 hauriet
483 1711 610 1774 adverso
633 1733 688 1775 seu
710 1715 860 1777 crastinus
879 1712 961 1794 ignis
982 1712 1074 1791 hiatu,

343 1813 467 1874 nuntius
487 1815 556 1878 hinc
577 1835 686 1878 saevas
709 1816 810 1878 Peliae
830 1816 968 1878 mittatur
986 1815 1025 1877 ad
1044 1834 1143 1894 aures,

343 1914 392 1978 hic
411 1917 539 1998 periisse
556 1919 654 1999 viros,
675 1922 708 1982 et
727 1939 792 1998 me,
814 1919 842 1982 si
862 1921 966 1982 vestra
986 1918 1096 1980 fuisset

343 2013 406 2080 ulla
427 2019 519 2102 fides,
541 2020 818 2116 reducempatriae
840 2008 976 2105 potuisse
996 2013 1117 2084 referri?
1300 2025 1371 2084 100-

409 2165 533 2230 Talibus
555 2169 698 2231 attonitos
721 2169 809 2231 dictis
829 2171 992 2248 natamque
1012 2169 1191 2248 patremque

343 2269 451 2351 linquit
472 2275 503 2333 et
524 2271 617 2333 infida
632 2290 779 2353 praeceps
801 2270 971 2352 prorumpit
991 2271 1029 2331 ab
1051 2270 1128 2330 aula.

343 2375 375 2434 at
395 2375 514 2456 trepida
535 2376 567 2435 et
590 2373 705 2437 medios
725 2375 805 2437 inter
826 2375 947 2436 deserto
965 2375 1109 2456 parentes

343 2475 430 2556 virgo
449 2477 536 2554 silet,
558 2497 615 2539 neo
636 2477 699 2540 fixa
720 2479 783 2540 solo
806 2497 930 2539 servare
951 2495 1114 2558 parumper

342 2579 470 2656 lumina,
488 2599 545 2643 neo
565 2582 664 2662 potuit
683 2583 815 2642 maestos
839 2600 900 2642 non
919 2580 1042 2641 flectere
1064 2579 1183 2653 vultum
1301 2582 1364 2642 105

343 2683 539 2762 respexitque
559 2685 640 2746 fores
662 2687 694 2745 et
715 2683 813 2744 adhuc
833 2682 950 2744 inuenit
970 2685 1105 2758 euntem3

344 2784 430 2846 visus
451 2789 483 2848 et
498 2787 559 2848 heu
579 2787 708 2848 miserae
733 2788 805 2846 tunc
826 2784 978 2866 pulchrior
997 2787 1109 2868 hospes
1131 2783 1244 2846 amenti

345 2887 517 2964 discedens;
539 2891 617 2952 tales
638 2908 776 2964 umeros,
796 2905 833 2948 ea
853 2891 943 2967 terge
961 2888 1111 2967 relinquit

343 2990 396 3053 illa
413 2994 534 3056 domum
555 2995 653 3077 adque
676 2993 758 3075 ipsos
777 2993 900 3074 paulum
919 2991 1083 3073 procedere
1105 2995 1210 3072 postes

344 3100 446 3179 optat,
467 3100 500 3160 at
523 3098 665 3159 ardentes
685 3098 770 3160 tenet
790 3096 870 3158 intra
887 3095 990 3156 limina
1010 3113 1147 3176 gressus.
1301 3097 1367 3156 110

345 3201 442 3282 qualis
462 3202 515 3264 ubi
536 3204 690 3264 extremas
711 3199 746 3261 Io
769 3217 851 3280 vaga
869 3198 960 3260 sentit
976 3197 1106 3259 harenas

343 3305 462 3385 fertque
483 3305 635 3385 refertque
654 3303 772 3385 pedem,
794 3303 907 3384 tumido
933 3319 1022 3383 quam
1041 3301 1124 3380 cogit
1144 3300 1258 3382 Erinys

259 3592 311 3637 tori
390 3590 543 3670 praeceps]
563 3595 684 3655 tangens,
708 3591 746 3638 oct
763 3587 904 3653 prendens,
926 3588 1084 3635 Burnuunur
1188 3585 1257 3635 subit
1281 3586 1367 3636 honus

257 3689 332 3742 qqpm
348 3675 492 3740 ostiannsq:
512 3677 556 3735 Μ,
583 3674 660 3724 subiit
676 3687 800 3738 nusquam
824 3671 891 3754 ostia
906 3684 1028 3734 nusquam
1048 3672 1079 3731 0,
1102 3669 1172 3720 subit
1189 3669 1271 3720 omnis
1288 3683 1367 3736 quam

257 3799 344 3848 hostia
368 3813 496 3863 nunquam
515 3800 576 3848 Bou.
654 3802 686 3847 86
705 3752 865 3846 Ausoniamlg
878 3779 965 3858 Μ’(ῳ
983 3794 1038 3841 add.
1058 3809 1088 3844 m.
1111 3790 1169 3857 aec.)
1237 3789 1307 3840 videt
1327 3801 1367 3857 up:

256 3885 328 3934 uides
352 3885 379 3937 V
433 3887 459 3934 at
476 3885 634 3934 Burmannus
650 3883 785 3932 Maeonium
803 3889 826 3930 ct
849 3881 962 3931 Vosrimn
978 3886 1092 3928 occutus:
1112 3882 1137 3928 et
1158 3879 1193 3928 Vc
1257 3882 1289 3927 89
1307 3881 1367 3928 κοῖα

263 3972 288 4022 V
361 3976 393 4021 91
412 3985 463 4036 qno
486 3971 570 4019 vestra
591 3965 653 4016 fides
676 3969 866 4016 Friesemannus
882 3967 898 4014 l.
918 3967 934 4014 l.
950 3982 978 4026 p.
1001 3966 1049 4016 1¹15
1138 3966 1224 4012 nestra
1247 3963 1367 4013 uolutant

258 4058 303 4106 M:
319 4059 392 4106 nesta
408 4056 513 4106 uolunta
529 4055 554 4105 V
617 4056 648 4102 93
668 4051 736 4115 agita
759 4056 784 4116 et
801 4053 842 4102 hl:
858 4049 928 4116 agite
947 4053 972 4100 et
990 4052 1020 4112 V,
1038 4064 1086 4114 age
1106 4052 1132 4099 et
1150 4051 1309 4098 Burmannus

238 4138 345 4232 caiuma
368 4181 394 4232 V
442 4183 475 4229 94
492 4190 628 4242 numquam
644 4175 668 4224 Ι,
688 4174 831 4223 Columbae:
848 4187 996 4238 quamquam
1018 4173 1081 4238 Vico
1139 4177 1171 4224 95
1192 4187 1252 4222 mox
1273 4181 1311 4238 apo

258 4271 290 4316 98
306 4263 469 4322 Nunnius?
544 4267 576 4314 99
596 4260 639 4312 Sic
655 4262 777 4310 Heinsius
859 4266 906 4311 102
926 4255 1003 4309 infida
1020 4257 1147 4310 minuti
1169 4260 1194 4312 l'
1268 4262 1319 4308 110
1337 4263 1367 4310 at

257 4350 555 4416 amanuensium
607 4347 673 4398 inter
692 4365 709 4410 c·
761 4345 857 4401 lumina
875 4347 909 4396 M
960 4347 1007 4394 112
1025 4341 1140 4409 retorque
1163 4345 1204 4410 V,
1238 4342 1324 4410 erynio
1341 4345 1370 4396 V
