3086 4968
180 564 344 649 scripserit
363 565 404 626 sd
422 563 529 626 folium
547 563 599 638 65,
618 561 756 642 exeeptis
775 557 879 640 paucis
892 555 974 620 tostii
990 557 1194 640 quaternionis
1206 559 1291 642 pagi-

180 673 234 734 nis
263 689 283 731 a
309 669 378 730 rudi
408 670 441 730 et
466 667 589 728 iudoota
614 681 707 725 mauu
727 663 862 744 scriptis,
891 661 930 722 ad
956 659 1047 722 finem
1075 663 1185 726 sltem
1209 663 1292 726 illam

183 763 342 838 scendum
371 775 420 833 est
444 768 582 831 rotundis
607 768 706 846 magis
731 771 770 828 et·
792 763 954 826 humilibus
977 763 1087 827 litteris
1105 783 1193 828 usam
1213 785 1293 844 esse,

181 869 266 940 bauo
286 874 494 956 graodioribus
516 875 549 934 et
570 869 733 932 altioribus
767 868 929 930 uerborum
950 866 1101 930 distinctio
1125 889 1216 952 saepe
1238 875 1293 933 aut

183 981 272 1042 nulls
303 981 352 1040 ast
377 980 431 1039 aut
455 973 702 1058 perversissima,
740 971 821 1053 quod
848 989 907 1032 non
937 970 1048 1052 ubique
1072 989 1121 1032 me
1148 973 1293 1034 adnotare

184 1081 324 1165 potuisse
345 1081 433 1142 facile
459 1079 661 1156 intellegetur.
697 1093 804 1136 manus
826 1074 1043 1136 emendatrioes
1067 1076 1165 1138 codex
1187 1095 1293 1158 exper-

185 1189 239 1248 tos
268 1187 316 1245 cst
342 1184 435 1259 duos,
465 1171 591 1264 quarum
620 1179 702 1260 prior
729 1179 783 1238 aut
804 1176 869 1238 eius
890 1178 987 1259 ipsius
1009 1183 1075 1254 est,
1102 1179 1152 1260 qui
1174 1179 1295 1261 scripsit

186 1288 307 1366 librum,
326 1291 381 1348 aut
400 1287 430 1347 ei
448 1284 592 1366 aequalis,
614 1303 672 1364 quo
692 1281 813 1360 iactum,
833 1281 869 1340 ut
890 1279 956 1340 eius
975 1281 1198 1344 emendationes
1222 1285 1295 1346 nota

187 1411 251 1454 nou
271 1390 374 1456 addita
396 1407 488 1469 supra
507 1407 617 1449 versus
629 1405 780 1472 ponerem
814 1384 925 1446 iterum
937 1383 1033 1446 codex
1048 1387 1167 1452 sacculo
1181 1387 1294 1450 decimo

189 1495 295 1576 quinto
320 1491 454 1554 edoctis
474 1490 655 1571 quibusdam
674 1489 763 1550 Italis
783 1488 936 1550 comnotus
959 1490 1021 1564 est,
1049 1510 1175 1570 quorum
1197 1511 1296 1554 emen-

189 1597 327 1658 dationes
347 1595 491 1658 ocowodoe
503 1613 610 1657 monuo
623 1592 694 1654 dixi
729 1609 804 1672 quas
818 1610 879 1653 uon
894 1593 964 1652 anto
978 1589 1053 1652 illud
1068 1597 1187 1676 tempus
1201 1596 1296 1657 factos

191 1719 262 1761 esse
290 1719 350 1760 uuo
374 1699 516 1779 exemplo
543 1694 768 1771 demonstrabo,
797 1694 852 1754 sod
879 1693 1053 1756 certissimo.
1095 1694 1199 1760 1130
1219 1697 1298 1758 euim

188 1806 301 1887 specim
325 1805 413 1852 aman
445 1802 567 1862 exbibet
595 1799 775 1876 Vaticanus,
810 1801 846 1859 ut
871 1800 930 1859 cicc
955 1797 1075 1860 litteras
1097 1804 1128 1861 st
1149 1803 1253 1864 etenim
1279 1821 1298 1864 a

189 1925 284 1968 mauu
311 1904 442 1968 secunda
469 1904 572 1966 addita
601 1903 669 1964 sint
709 1901 741 1962 in
762 1900 863 1962 codice
884 1901 1073 1980 Monacensi,
1100 1903 1150 1984 qui
1177 1904 1297 1967 saeculo

193 2008 311 2072 decimo
336 2008 439 2090 quinto
459 2027 476 2068 e
494 2007 641 2069 Vaticano
663 2003 833 2084 descriptus
854 2008 902 2065 ast
922 2005 1035 2084 legitur
1055 2010 1180 2090 operato.
1217 2009 1298 2070 uude

191 2099 322 2192 apparet
352 2111 385 2170 et
413 2129 479 2190 quo.
497 2111 633 2189 tempore
658 2107 685 2168 is
709 2107 760 2187 qui
780 2106 993 2169 Monaceussm
1012 2109 1131 2190 scripsit
1152 2111 1299 2174 Vaticano

190 2216 331 2276 uteretur
353 2213 486 2274 nonduin
514 2215 681 2294 comestum
703 2229 772 2272 eum
795 2208 905 2286 inisse,
932 2211 964 2270 et
984 2229 1103 2272 errasse
1122 2232 1171 2273 me
1193 2231 1260 2275 cum
1282 2232 1300 2274 a

192 2318 294 2399 priore
316 2335 408 2378 manu
427 2315 556 2396 quinque
577 2315 745 2376 litterarum
765 2313 897 2393 spatium
917 2312 1054 2374 relictum
1068 2333 1138 2376 asso
1157 2316 1298 2393 dicerom;

28 2475 39 2482 ,
109 2452 112 2456 ·
193 2423 253 2482 odeo
275 2419 405 2479 enimin
427 2437 534 2479 rasura
556 2417 627 2498 quin
650 2417 796 2497 scriptum
817 2417 872 2491 sit,
894 2435 971 2495 quae
994 2417 1025 2479 iu
1040 2416 1189 2501 inaequali
1209 2439 1300 2500 mem·

192 2524 308 2614 branae
339 2521 496 2602 superficie
527 2521 608 2582 haud
637 2520 723 2582 sacile
751 2520 887 2599 dignosci
910 2523 1052 2602 poterat,
1082 2541 1142 2584 non
1168 2527 1217 2586 est
1247 2543 1300 2587 our

193 2624 357 2687 dubitetur.
393 2625 515 2686 ubinam
537 2624 669 2705 scriptus
692 2623 732 2684 sit
750 2623 833 2702 liber,
855 2623 908 2685 vix
931 2626 1033 2705 potest
1052 2625 1301 2703 incertumessm

193 2728 337 2809 Baptista
364 2728 436 2790 Pius
466 2729 546 2790 enim
578 2727 668 2790 adV
693 2731 755 2790 353
778 2727 884 2804 (eiad
906 2726 1006 2789 1441
1035 2731 1067 2790 et
1086 2726 1138 2789 111
1161 2729 1236 2809 538)
1262 2747 1302 2792 ex

194 2831 311 2892 ultimis
341 2828 511 2893 Germaniis
541 2831 670 2893 Romam
705 2849 775 2891 eum
811 2830 946 2892 adlatum
982 2851 1050 2894 osse
1086 2833 1217 2894 testatus
1246 2833 1301 2896 ost.

196 2935 283 2998 cuius
302 2935 465 2998 testimonii
486 2935 696 2998 auctoritatem
713 2933 774 2995 noli
795 2936 902 3014 putare
924 2953 959 2997 eo
977 2933 1099 3014 infringi
1121 2937 1200 3016 quod
1221 2935 1303 2998 idom

195 3039 271 3101 Pius
302 3040 360 3102 alio
388 3040 453 3102 loco
473 3038 616 3100 Dacicum
639 3039 724 3100 illum
749 3038 882 3100 codicem
908 3039 1036 3101 vocavit.
1074 3037 1201 3101 Dauiam
1223 3039 1303 3102 euim

196 3142 297 3204 medio
319 3161 395 3204 aevo
416 3142 539 3204 Daciam
562 3142 737 3225 saepissima
757 3143 867 3204 dictam
887 3161 955 3203 esso
978 3141 1081 3224 Tyeho
1098 3141 1304 3226 Mommssuus

199 3239 302 3308 docuit
324 3249 403 3324 (nov.
425 3265 500 3308 mus.
517 3245 614 3308 Rhen.
634 3246 681 3306 VI
699 3265 727 3327 p.
749 3248 832 3324 627).
870 3244 1031 3306 dolendum
1051 3263 1124 3307 varo
1146 3249 1204 3322 est,
1226 3245 1305 3328 qnod

198 3350 259 3410 dno
281 3368 391 3409 versum
413 3350 464 3430 qui
491 3349 740 3431 subscriptionem
765 3349 875 3410 codicis
896 3352 1039 3410 secuntur
1062 3350 1231 3430 temporum
1250 3348 1305 3410 ini·

199 3451 315 3532 quitata
335 3453 397 3514 tam
418 3453 496 3514 male
518 3453 629 3514 adfecti
649 3453 735 3531 suut,
766 3454 802 3512 ut
822 3470 918 3532 pauca
939 3453 1056 3513 tantum
1078 3469 1173 3534 saque
1194 3452 1307 3515 nullius

200 3555 346 3616 momenti
363 3555 426 3633 lagi
443 3557 576 3636 possint,
597 3575 674 3638 quae
695 3556 770 3616 haec
791 3559 864 3616 suut
911 3613 912 3618 ,

332 3656 397 3718 Nos
414 3678 528 3722 renova
546 3677 627 3721 noxa
649 3689 1142 3706 ————————

331 3760 381 3822 En
401 3764 564 3824 monachus
587 3796 951 3810 ------
973 3763 1072 3825 aravit

200 3862 388 3924 insecundo
419 3865 499 3926 enim
524 3886 619 3928 versu
645 3883 706 3926 nou
731 3865 915 3945 inprobabile
939 3866 1060 3928 videtur
1082 3863 1254 3928 coenobium
1277 3863 1309 3926 in

202 3986 262 4048 quo
282 3968 379 4029 oodcx
401 3967 532 4048 scriptus
552 3973 601 4031 est
613 3969 814 4049 significatum
827 3969 929 4030 fuisse.
963 3970 1040 4032 liber
1053 3969 1122 4031 olim
1136 3967 1192 4029 init
1205 3965 1310 4029 biblio·

201 4069 309 4132 thece
321 4071 423 4132 Fulvii
436 4071 540 4132 Vrsini
564 4072 655 4152 (quod
676 4074 751 4134 haec
771 4073 802 4134 in
820 4072 965 4154 principio
988 4071 1141 4151 inscriptio
1162 4071 1312 4134 testator:

202 4172 326 4235 Valerio
346 4174 455 4236 Flacco
475 4174 508 4235 di
526 4175 667 4237 sorittura
690 4175 721 4237 di
741 4176 824 4238 mille
845 4175 916 4237 anni
936 4173 1013 4235 libro
1033 4171 1252 4234 conservatiss⁰
1280 4173 1312 4238 in

203 4293 290 4356 perg.
309 4276 341 4338 in
364 4275 407 4339 4⁰
426 4277 493 4340 Ful.
516 4279 616 4358 Vra),
637 4279 718 4340 uude
740 4278 772 4340 in
795 4279 973 4342 Vaticanam
993 4275 1085 4338 venit.
1123 4293 1202 4340 auno
1224 4297 1312 4361 supo-
