3110 4972
421 437 930 482 .c.vsnnn1rmocrsnsorssvrreon
950 441 1077 486 nuens.
1243 423 1310 496 las,

282 590 401 670 qualem
422 587 579 672 praecipiti
600 593 760 672 gravidum
779 593 841 656 iam
862 596 944 656 sorte
966 598 1123 677 parentem
1153 601 1167 669 ᾗ

282 695 421 756 natorum
441 695 495 756 flet
513 713 611 777 parva
632 715 739 758 manus
762 697 930 779 trepidique
951 703 1120 780 precantur,

279 795 369 857 duret
382 799 418 858 ut
438 797 579 860 invalidis
601 801 633 859 et
654 800 752 861 adhuc
773 799 919 880 genitoris
941 803 1062 882 egenis;

278 899 352 960 haut
373 899 461 962 aliter
482 901 555 962 socii
576 921 716 983 supremo
738 903 770 964 in
791 906 926 985 tempore
948 906 1070 988 Tiphyn

277 1004 349 1063 ante
371 1003 446 1064 ahos
466 1023 628 1084 superesse
649 1004 763 1066 volunt.
806 1025 888 1069 mors
910 1009 1020 1089 frigida
1039 1013 1144 1074 contra

275 1107 402 1184 urguet,
423 1109 455 1168 et
474 1105 525 1166 illc
547 1126 653 1168 recens
672 1108 765 1168 cordis
784 1108 947 1173 intervolat
965 1111 1081 1175 Idmon.

276 1209 455 1270 exanimum*
468 1209 585 1272 'smstra
606 1209 730 1290 Minyae
752 1211 882 1275 clamore
900 1217 1059 1277 'morantur

274 1312 422 1392 avellique
443 1315 572 1393 negant;
597 1311 652 1373 vix
673 1315 807 1376 membra
826 1315 958 1396 rigentia
979 1321 1101 1381 tandem

273 1414 434 1495 inposuere
456 1437 531 1497 rogo
550 1414 748 1494 lacrimasque
766 1420 799 1478 et
818 1438 943 1482 munera
965 1421 1092 1484 flammis

274 1537 354 1580 vans
375 1519 489 1594 ferunt;
511 1519 621 1580 crescit
642 1519 728 1580 donis
751 1520 853 1584 feralis
875 1541 1011 1587 acervus.

271 1623 306 1682 nt
323 1642 396 1684 vero
418 1624 576 1704 amplexus
597 1622 671 1683 fessi
691 1641 802 1703 mpero
824 1645 981 1706 supremos

271 1727 304 1785 et
323 1725 447 1806 rapidae
468 1744 596 1786 sonuere
615 1724 713 1800 faces,
735 1728 807 1786 tunc
827 1727 895 1808 ipsa
916 1731 1043 1792 cremari

271 1827 338 1889 visa
359 1829 434 1889 ratis
455 1827 613 1906 medioque
633 1826 716 1889 viros
738 1828 888 1909 deponere
911 1835 1010 1913 ponto.

271 1948 331 1990 non
349 1929 419 1992 tulit
438 1929 588 1992 Aesonius
610 1928 739 2009 geminis
760 1931 920 2010 flagrantia
942 1955 1068 1998 cernens

271 2053 396 2114 corpora
416 2053 486 2096 cara
507 2033 606 2113 rogiS,
628 2033 684 2094 sed
705 2036 827 2114 pectore
847 2036 953 2098 ductor
975 2039 1012 2100 ab
1034 2038 1094 2098 imo

269 2138 342 2199 talia
360 2157 435 2198 voce
456 2137 567 2216 gemit:
587 2127 672 2215 ‘quid
694 2137 812 2196 tantum
831 2135 948 2200 infensa
968 2143 1093 2222 repente

268 2241 409 2301 numina?
431 2259 507 2321 quas
528 2237 623 2300 nostri
645 2257 758 2318 poenas
777 2257 916 2302 meruere
933 2243 1071 2304 labores?

268 2344 338 2405 bina
360 2344 467 2422 (nefas)
490 2344 554 2404 tuto
578 2341 700 2422 paritcr'
713 2342 785 2403 mihi
804 2343 911 2406 funera
933 2349 1064 2425 surgunt

266 2447 362 2509 litore.
406 2461 517 2526 magna
538 2445 613 2507 adeo
635 2445 777 2508 comitum
798 2465 1017 2527 numerosaque
1037 2449 1153 2529 pubes?

266 2553 320 2612 aut
342 2551 439 2614 socios
460 2550 541 2630 rapit
563 2552 628 2612 atra
650 2550 732 2626 dies,
752 2554 806 2612 aut
826 2550 893 2631 ipse
913 2550 1048 2631 relinquo

266 2654 402 2715 sontibus
423 2654 561 2735 inpulsus
583 2653 692 2714 Furiis.
736 2653 788 2715 nbi
810 2652 946 2734 Tiphys?
970 2653 1022 2716 ubi
1041 2652 1148 2714 Idmon

263 2757 327 2818 fata
347 2759 477 2820 canens?
498 2757 550 2819 ubi
569 2756 777 2818 monstriferae
795 2775 852 2837 par
873 2757 924 2818 ille
945 2759 1113 2819 novercae?

264 2865 295 2920 te
319 2860 400 2935 sine,
421 2860 606 2941 Thespiade,
628 2879 685 2921 nos
705 2861 767 2921 ulla
787 2859 973 2922 movebimus
996 2860 1078 2922 ultra

265 2965 413 3041 aequora?
435 2982 492 3023 nec
513 2981 631 3023 summa
653 2963 859 3042 speculantem
880 2982 982 3043 puppe
1003 2963 1112 3024 videbo

263 3049 478 3145 Pleiadumque
500 3064 607 3144 globos
628 3067 661 3125 ct
681 3066 809 3144 agentes
830 3065 967 3126 noctibus
989 3065 1121 3126 Arctos?

264 3167 313 3228 oui
334 3167 457 3248 Minyas
479 3186 637 3248 caramque
657 3169 769 3245 ratem,
792 3167 840 3228 oui
862 3168 962 3229 sidera
982 3169 1098 3230 tradis?

264 3290 389 3352 carpere
412 3290 535 3349 securas
557 3270 623 3350 quis
645 3269 704 3330 iam
721 3269 808 3330 iubet
825 3268 949 3331 Aesona
970 3271 1105 3333 noctesi.

262 3376 319 3437 hoc
338 3375 437 3449 labor,
459 3372 515 3434 hoc
538 3371 617 3434 dulci
638 3371 750 3433 totiens
771 3371 910 3432 fraudata
932 3391 1040 3452 sopore

279 3595 311 3642 22
328 3594 409 3641 morte
427 3591 549 3640 Heinsius
616 3587 722 3646 Qualem
741 3590 878 3656 praecipiti
895 3589 1023 3654 raptatum
1039 3589 1121 3639 morte
1139 3591 1177 3640 ssi
1194 3587 1282 3646 Quali-

173 3679 213 3728 ter
229 3676 337 3741 ancipiti
356 3675 516 3740 gravidatum
533 3676 601 3724 sorte
619 3677 808 3727 Friesenssnnns
825 3681 842 3727 l.
862 3679 879 3727 l.
895 3678 988 3738 p.104
1075 3678 1107 3725 25
1124 3673 1211 3725 funere
1230 3678 1251 3725 c'

174 3761 260 3826 tiphin
282 3763 308 3813 V
427 3765 459 3812 26
478 3763 570 3811 vovent
586 3761 708 3810 Heinsius
827 3767 860 3813 28
877 3758 975 3828 mynias
998 3759 1023 3811 V
1140 3763 1173 3809 32
1192 3760 1284 3810 moesti

173 3848 332 3898 Bnrnssnnus
453 3849 486 3895 35
509 3844 634 3895 Aesonius
659 3848 706 3898 M:
732 3847 873 3898 Aesonidus
901 3847 931 3907 V,
958 3841 1097 3894 Aesonides
1122 3852 1154 3910 ψ.
1190 3842 1223 3904 cf.
1244 3843 1283 3896 VI

174 3936 223 3982 429
243 3947 280 3994 sq,
352 3929 489 3996 fraglantia
508 3931 534 3982 V
634 3935 667 3982 36
687 3932 731 3983 sed
752 3933 828 3984 ducta
844 3934 947 3997 pectore
970 3928 1002 3979 ab
1023 3928 1075 3977 imo
1091 3930 1282 3978 Ilicscnssnnns

173 4019 190 4066 l.
210 4019 227 4066 i.
242 4007 269 4078 p.
292 4023 341 4069 105
370 4033 471 4067 seinans
490 4031 513 4065 o.
533 4019 567 4065 35
585 4016 725 4068 Aesonides
844 4022 877 4068 37
895 4031 958 4066 uoce
976 4015 1010 4064 M
1013 4029 1023 4064 :
1040 4028 1117 4064 uoces
1139 4015 1165 4066 V

173 4105 205 4150 39
223 4104 279 4151 tuto
296 4104 444 4153 Sabellicus:
468 4105 522 4153 toto
545 4101 613 4167 VCp
699 4105 807 4168 surgrmt
825 4117 866 4152 m:
883 4101 988 4164 surgent
1010 4099 1035 4148 V
1154 4101 1187 4148 41
1205 4096 1282 4148 relin-

174 4199 236 4248 quor
255 4187 275 4234 0
359 4194 391 4238 42
409 4187 525 4254 impulsis
545 4202 570 4234 m
621 4186 715 4237 Furiis.
733 4188 778 4238 ubi
795 4186 893 4252 liphys
914 4199 967 4249 prs:
987 4182 1054 4232 lunis
1072 4182 1141 4233 subit
1157 4183 1234 4251 iphys
1250 4185 1280 4244 V,

172 4269 240 4319 subit
256 4270 332 4346 iphys
349 4275 383 4322 ni
398 4281 406 4297 ·
483 4279 515 4324 46
535 4271 627 4321 choros
644 4274 766 4324 Heinsius
834 4272 937 4334 egentes
956 4266 1073 4318 fluctibus
1089 4269 1211 4318 Heinsius

173 4359 206 4406 42
226 4353 273 4406 Cui
290 4356 388 4424 minyas
407 4361 454 4409 M:
472 4358 606 4425 Gyminyss
628 4361 653 4409 V
754 4364 786 4414 48
805 4357 866 4421 quid
883 4355 935 4406 iarn
954 4354 1023 4406 iuvot
1039 4355 1160 4430 Heinsius
