3110 4972
269 420 333 488 130
694 436 717 476 c.
732 436 840 476 venunt
855 433 954 474 mucor

357 594 503 656 76147666
524 610 615 652 versa
636 589 739 665 vadis,
762 588 890 650 hiemem
913 585 1057 647 sicunde
1078 604 1133 668 per
1156 599 1275 646 omnem
1321 590 1383 648 725

358 700 411 758 auh
429 715 533 780 campo
551 695 647 769 iacet,
669 697 721 754 aut
744 690 857 750 tumido
880 688 961 767 riget
981 687 1076 750 ardua
1098 689 1225 768 fluctu,⁸

361 802 452 879 atque
474 801 530 860 hac
551 795 705 877 Europam
727 793 828 854 curvis
849 792 1031 854 anfractibus
1053 797 1175 870 urguet,

359 905 415 964 hac
436 901 542 963 Asiam
563 899 737 981 Scythicum
757 896 858 978 specio
880 895 1018 956 sinuatus
1039 895 1072 956 in
1093 915 1202 958 arcum.

358 1003 418 1066 illic
438 1007 597 1066 umbrosae
619 1019 739 1082 semper
759 1002 841 1062 siant
862 1017 993 1077 aequore
1014 999 1111 1063 nubes
1166 1057 1168 1066 ,

328 1175 331 1180 ,
361 1113 392 1170 et
414 1128 483 1168 non·
496 1108 579 1170 ceria
601 1104 679 1181 dies,
702 1102 798 1183 primo
820 1120 876 1164 neo
898 1101 961 1162 sole
982 1102 1163 1183 profundum
1321 1107 1385 1165 730

361 1210 489 1272 solvitur
511 1211 564 1270 aui
583 1206 687 1268 uernis
709 1225 777 1268 cum
798 1205 852 1266 lux
875 1207 1003 1285 aequata
1023 1207 1165 1282 tenebris,

362 1314 416 1374 sed
436 1311 515 1372 redii
537 1313 673 1372 extremo
695 1308 817 1370 tandem
839 1309 871 1370 in
892 1327 947 1370 sua
968 1309 1057 1370 litora
1078 1312 1174 1372 tauro.

424 1428 491 1491 Iam
515 1424 724 1506 Mariandynis
746 1423 878 1486 advertit
898 1426 1009 1506 puppis
1030 1426 1161 1502 harenis,

362 1533 460 1611 adque
481 1530 561 1592 celer
582 1532 680 1589 terras
699 1546 863 1608 regemque
885 1528 1023 1621 exquirit·
1036 1528 1151 1594 Echion

301 1711 304 1717 .
363 1636 445 1695 diota
467 1634 582 1710 serens,
604 1631 700 1696 lectos
723 1631 815 1709 (sama
835 1633 883 1690 est
905 1631 931 1692 si
952 1632 1079 1692 nominis
1100 1633 1253 1710 umquam)
1322 1635 1384 1692 735

362 1736 548 1798 Haemoniae
573 1731 701 1796 subiisse
722 1734 820 1809 viros,
842 1734 895 1794 dei
913 1734 1001 1796 litora
1021 1735 1117 1796 fessis.
1453 1719 1460 1732 ⁸

362 1842 544 1922 adproperat
565 1838 668 1919 Lycus
691 1837 801 1900 auditis
823 1838 954 1898 laetatus
976 1837 1109 1913 Achivis,

363 1965 398 2006 ac
421 1943 509 2022 simui
529 1941 703 2004 Aesoniden
722 1959 898 2018 omnemque
921 1939 951 2000 in
973 1942 1059 2020 regia
1082 1942 1200 2002 hurbem

364 2052 445 2108 tecta
467 2044 559 2108 trahit
579 2045 667 2106 modo
688 2027 846 2124 Bebryciis
868 2041 1003 2123 praefixa
1025 2041 1168 2122 tropaeis,

363 2151 444 2210 mitis
465 2153 496 2209 et
517 2148 548 2207 in
567 2147 673 2208 mediis
694 2146 803 2208 effatur
822 2147 895 2208 talis
917 2143 1022 2208 Grais:
1322 2149 1386 2207 740

360 2247 454 2314 ‘haud
474 2256 587 2312 temere
610 2255 671 2314 est:
692 2251 754 2312 sato
777 2249 878 2310 divum
898 2269 966 2309 reor
988 2250 1026 2310 ad
1047 2269 1115 2311 mea
1137 2251 1239 2312 vectos

360 2355 452 2415 'litora
473 2373 545 2430 vos,
565 2355 665 2416 odium
688 2355 794 2434 quibus
817 2353 914 2431 adque
934 2350 1038 2412 eadem
1062 2352 1107 2412 ira
1128 2350 1255 2412 furentis

365 2457 532 2538 Bebryciae
553 2475 704 2538 saevaque
726 2475 816 2538 pares
837 2457 874 2516 dc
896 2457 988 2534 gente
1009 2455 1160 2536 triumphi.

367 2563 450 2620 certa
470 2560 546 2621 fides
567 2561 690 2636 animis,
709 2561 788 2621 idem
809 2560 915 2640 quihus
936 2558 1040 2618 incidit
1060 2559 1162 2620 hostis.

368 2682 423 2722 nos
447 2681 580 2743 quoque,
599 2683 655 2722 nos
676 2664 840 2744 Amycum,
864 2663 947 2722 tanto
966 2662 1071 2742 procul
1090 2664 1161 2723 orbe
1183 2662 1298 2736 remoti,
1323 2664 1385 2723 745

370 2766 519 2826 sensimus
542 2778 573 2826 et
595 2767 695 2828 saevis
717 2769 811 2828 irater
832 2766 903 2826 mihi
924 2765 1009 2825 fusus
1030 2765 1159 2828 harenis.

368 2870 448 2930 ultor
469 2889 541 2947 ege,
562 2872 652 2950 atque
674 2872 745 2931 illue
765 2869 880 2932 cunetis
903 2887 1047 2929 aecensus
1069 2870 1100 2929 in
1122 2869 1214 2930 armis

369 2977 441 3032 tunc
459 2974 597 3050 aderam,
617 2995 685 3036 cum
705 2995 760 3037 vos
781 2972 888 3036 modiis
910 2974 1050 3033 contenta
1071 2972 1208 3032 ferebant

369 3078 438 3138 vela
456 3078 549 3138 fretis.
595 3078 677 3139 iilum
699 3079 731 3139 in
754 3076 836 3137 sanie
859 3076 988 3154 taboque
1008 3075 1123 3136 recenti

369 3181 499 3242 vidimus
522 3201 669 3260 aequoreo
691 3181 817 3242 similem
839 3199 895 3259 per
915 3179 1003 3240 litora
1025 3181 1166 3239 monstro.
1326 3181 1390 3240 750

389 3377 437 3423 726
456 3389 539 3423 mersa
557 3375 619 3422 Pius
687 3374 806 3424 hiemiem
829 3373 854 3423 V
939 3375 986 3422 726
1005 3369 1040 3420 vt
1055 3347 1158 3434 campus
1175 3372 1213 3419 sel
1231 3369 1282 3418 Par
1299 3385 1390 3434 campo

285 3459 405 3506 Heinsius
473 3458 580 3522 rigatO
667 3465 714 3510 727
733 3460 826 3522 urguet
842 3457 975 3506 Heinsius:
998 3460 1092 3520 anguet
1103 3457 1145 3526 31⁷,
1163 3455 1235 3518 angit
1250 3471 1288 3515 m,
1313 3459 1391 3519 auget

285 3545 305 3589 0
410 3548 458 3594 728
473 3545 530 3593 Hac
551 3555 586 3611 sp:
604 3544 662 3593 Huc
685 3546 709 3594 V
782 3542 893 3609 Scythici
912 3541 1147 3608 speciem-arcus
1164 3543 1287 3590 Francius

234 3639 236 3643 '
287 3631 336 3676 729
355 3627 473 3675 umbroso
493 3631 613 3678 Heinsius
717 3632 765 3679 733
785 3627 950 3677 mariandinis
973 3629 1026 3688 VO,
1056 3625 1153 3691 minyas
1176 3623 1287 3691 dirisrp

287 3715 336 3761 734
360 3712 395 3758 st
417 3711 483 3760 celer
505 3715 533 3762 in
549 3719 629 3765 terras
646 3713 677 3764 sd
695 3730 781 3778 regem
797 3712 908 3763 excurrit
921 3713 1023 3762 Echion
1040 3713 1162 3761 Heinsius
1267 3715 1316 3761 735
1334 3726 1389 3760 um·

284 3795 370 3861 quam]
389 3795 482 3846 undam
500 3802 620 3849 Hessius
684 3802 756 3848 cerba
773 3814 833 3859 quae
850 3807 907 3846 sunt
927 3796 994 3846 fame
1006 3825 1040 3833 —
1052 3810 1170 3861 umquam
1186 3797 1321 3846 imsrclusa
1338 3813 1391 3846 esso

283 3885 345 3932 vidit
367 3885 541 3958 I'ferllrcmpus
564 3887 596 3932 ad
617 3885 690 3948 Verp.
710 3885 774 3933 Aen.
804 3883 880 3933 1181
921 3896 925 3905 ·
987 3886 1034 3932 736
1053 3881 1227 3932 Haemoniadc
1245 3884 1279 3932 Μ
1284 3919 1290 3943 ,
1318 3883 1390 3933 Hae-

283 3969 362 4019 monii
382 3979 405 4036 ψ
480 3970 578 4021 venisse
594 3971 767 4030 Peerlkampus
785 3973 819 4018 ad
838 3970 912 4032 Verq.
932 3969 996 4016 Aen.
1016 3966 1083 4018 VIII
1103 3970 1152 4015 119
1268 3971 1316 4018 737
1335 3968 1390 4034 Ap-

282 4055 442 4119 propera10
546 4061 593 4105 739
612 4054 744 4120 trophaeis
765 4055 790 4104 V
892 4056 941 4102 742
959 4051 1045 4102 eadem
1061 4052 1101 4102 ira
1119 4053 1140 4099 0
1157 4052 1302 4101 Sabellicus:
1327 4052 1391 4102 ades

205 4167 211 4178 ι
281 4139 346 4188 mira
367 4141 397 4199 V,
415 4139 500 4189 eadem
518 4140 582 4190 mira
600 4142 679 4200 Bosa,
701 4155 729 4188 aa
748 4153 807 4186 curu
824 4139 883 4186 Αἶά.
966 4142 1015 4187 744
1033 4137 1101 4186 lubet
1119 4139 1251 4186 Parisinus
1269 4141 1336 4188 7647

282 4229 330 4276 746
350 4225 416 4274 haud
434 4225 525 4291 procul
542 4229 700 4276 Burmannus
806 4228 853 4272 746
873 4221 984 4288 insnum
1090 4227 1139 4273 749
1156 4221 1247 4306 surdae⁸
1263 4224 1288 4273 V

281 4351 329 4397 750
348 4307 445 4398 monath
463 4351 488 4400 Γ
