3086 4968
257 433 316 478 m
693 432 920 475 mouneomou

258 623 349 685 quam
377 601 569 666 offensionem
598 619 666 662 cum
687 599 826 662 versibus
852 603 915 662 779
938 601 1053 662 81780
1081 600 1365 663 81881181811181818

257 708 412 783 volebam,
436 705 570 768 codicum
587 702 818 766 Valcriauorum
838 703 970 766 rationes
991 705 1128 785 neglexi;
1153 705 1264 767 desunt
1284 705 1364 767 enim

258 809 413 892 exempla,
442 807 550 890 quibus
583 808 700 868 duobus
728 808 867 868 versibus
896 825 915 868 a
944 808 1064 870 falsario
1093 806 1220 889 quodam
1252 808 1365 870 additis

256 911 437 976 Vaticanum
458 910 671 992 interpolatum
689 927 758 971 esse
779 910 930 992 probetur.
969 909 1096 992 denique
1110 929 1177 972 cum
1190 931 1283 974 versu
1300 917 1363 977 796

256 1017 379 1080 81111888
411 1013 488 1076 deae
519 1013 677 1074 invocatae
708 1011 769 1074 sint
799 1015 831 1074 et
858 1033 886 1074 v.
917 1013 980 1073 817
1010 1009 1171 1074 Furiarum
1201 1015 1365 1078 maximam

257 1119 387 1183 Aesonis
408 1118 548 1200 poculum
570 1117 678 1178 dextre
691 1115 855 1196 contigisse
868 1118 1016 1192 narratur,
1035 1115 1364 1182 18181188781-784

257 1221 442 1307 interpositis
464 1239 572 1282 181888
597 1221 783 1281 ere-818
806 1219 843 1280 ab
865 1217 902 1280 iis
923 1235 1000 1300 quae
1021 1218 1158 1299 proxime
1182 1222 1365 1285 antecedunt

257 1347 318 1390 non
342 1326 470 1407 8888811
498 1322 624 1403 seiungi
668 1321 769 1401 itaque
793 1322 863 1404 quid
880 1323 995 1398 188181,
1023 1319 1081 1382 nisi
1101 1321 1137 1382 ut
1158 1323 1236 1385 hano
1258 1324 1363 1386 carmi·

208 1471 216 1488 ,
257 1431 305 1492 nis
325 1429 444 1511 partem
465 1443 484 1486 8
505 1428 595 1506 88818
616 1443 676 1486 888
698 1426 887 1488 emendatam
907 1443 976 1486 esse
991 1423 1143 1486 dicemus?
1173 1445 1249 1507 quae
1264 1428 1363 1509 suspi-

258 1533 304 1596 cio
334 1530 424 1592 etiam
452 1528 512 1590 alia
544 1530 616 1588 eunt
646 1527 754 1608 quibus
782 1547 966 1610 magnopere
996 1529 1228 1590 commendetur.
1266 1529 1363 1592 veluti

258 1637 296 1698 de
316 1632 456 1696 versibus
480 1635 541 1694 779
566 1635 598 1694 81
621 1635 683 1695 780
700 1632 857 1712 Wagnero
876 1631 1045 1708 adsentior,
1066 1629 1151 1692 cuius
1173 1631 1247 1694 haec
1268 1633 1363 1696 verba

258 1741 345 1802 sunt:
362 1727 407 1797 ‘in
427 1734 474 1798 his
494 1733 651 1797 versiculis
673 1755 722 1798 188
742 1735 876 1799 obtendit
894 1733 1055 1816 nesaodoc,·
1074 1752 1145 1795 uem
1167 1735 1193 1796 si
1206 1733 1362 1798 Thessalis

257 1862 318 1906 non
346 1844 395 1902 881
421 1857 496 1919 saga
524 1839 687 1920 quaedam,
713 1857 790 1921 quae
818 1842 939 1920 8188181
959 1837 1112 1899 1188818111
1134 1839 1165 1900 81
1186 1837 1363 1901 Alcimeden

258 1947 388 2021 adesset,
409 1944 490 2025 quod
509 1942 621 2004 Vossio
643 1941 772 2023 placuit,
795 1943 851 2004 sed
870 1939 1026 2003 Alcimede
1046 1941 1129 2021 ipse,
1152 1940 1197 2002 uti
1220 1961 1278 2021 ego
1299 1941 1362 2004 exi·

257 2049 363 2125 stimo,
390 2065 451 2108 nou
477 2045 551 2108 satis
580 2045 742 2108 honorifice
760 2045 829 2108 huic
846 2065 909 2107 vox
929 2043 982 2106 illa
1000 2043 1133 2121 ridetur,
1161 2063 1237 2125 quae
1262 2063 1364 2124 quam·

257 2170 346 2235 quam
368 2168 428 2211 non
448 2147 506 2230 ipsi
529 2149 583 2211 sed
602 2151 688 2230 ponti
706 2149 857 2229 iungitur,
885 2147 958 2210 nihil
985 2152 1086 2211 temen
1115 2147 1185 2208 inde
1213 2149 1252 2210 ad
1274 2167 1365 2210 excu-

257 2255 383 2318 sandam
402 2252 578 2314 Alcimeden
597 2251 732 2330 efficitur,
754 2271 831 2335 quae
851 2251 996 2314 8818111188
1019 2250 1119 2330 gentis
1141 2251 1274 2312 moribus
1296 2269 1365 2312 8888

257 2355 484 2422 adcommodare
514 2375 574 2418 uon
603 2344 722 2419 debuit’
758 2375 857 2438 neque
879 2355 910 2416 in
930 2373 1022 2416 versu
1047 2357 1107 2416 783
1130 2351 1201 2435 quid
1222 2353 1264 2414 sit
1285 2357 1364 2417 rotro

257 2481 376 2525 cormac
396 2459 509 2522 solocrc
538 2475 557 2519 e
578 2477 726 2540 quoquam
747 2438 950 2540 probabiliter
963 2457 1146 2538 explicatum
1168 2459 1230 2535 est,
1257 2457 1365 2538 quibus

256 2563 359 2627 vorbis
373 2561 513 2624 Valerius
537 2559 664 2622 18118888
685 2581 774 2622 usum
798 2561 927 2641 aliquem
947 2561 977 2622 in
997 2561 1151 2623 veneficiis
1172 2560 1365 2622 observatum

256 2665 393 2749 respexit
419 2664 457 2724 ds
487 2681 544 2744 quo
568 2662 641 2724 nihil
664 2663 827 2724 memoriae
847 2664 998 2746 proditum
1021 2667 1076 2726 881.
1115 2662 1245 2742 denique
1266 2681 1364 2724 sermo

256 2770 307 2832 ille
329 2786 387 2849 quo
407 2766 511 2828 Aeson
534 2764 646 2826 Peliam
667 2769 827 2830 execratur
847 2766 934 2828 1111818
957 2768 1066 2847 longus
1089 2771 1138 2828 881
1159 2770 1280 2846 tamque
1301 2767 1363 2847 pla·

256 2893 315 2936 nus
336 2872 505 2951 exquisitae
528 2867 722 2948 crudelitatis,
742 2873 778 2932 ut
798 2889 867 2932 eum
889 2888 1049 2951 numquam
1071 2869 1136 2931 siue
1149 2887 1260 2948 magna
1273 2867 1363 2931 offen·

257 2977 341 3040 sione
363 2974 497 3055 legerim
857 2981 861 2996 ·

356 3077 402 3139 118
415 3076 481 3158 libri
503 3075 627 3138 secundi
641 3074 781 3138 versibus
796 3077 857 3136 311
869 3109 907 3120 -
921 3079 983 3138 340
998 3075 1105 3156 quibus
1118 3074 1364 3155 Argonautarum

118 3173 129 3196 ¹
255 3184 286 3246 iu
308 3181 456 3243 Lemnum
482 3180 611 3242 insulem
637 3179 786 3240 adventus
808 3181 948 3240 181181111
970 3178 1039 3240 alibi
1062 3196 1225 3259 exponam,
1252 3178 1304 3239 ubi
1325 3179 1363 3240 de

253 3285 369 3350 lacunis
384 3302 460 3366 quas
474 3283 506 3344 in
516 3282 662 3346 Vaticano
681 3282 781 3345 codice
795 3281 1029 3362 deprehendisse
1049 3283 1121 3344 mihi
1141 3280 1245 3343 videar
1260 3281 1363 3362 dispu-

256 3391 343 3451 tabo:
364 3406 463 3466 neque
477 3390 577 3448 1818811
593 3388 653 3448 iam
666 3386 800 3448 hocloco
816 3382 984 3464 siguificare
998 3384 1081 3460 nolo,
1098 3404 1150 3446 eos
1168 3385 1288 3467 quidem
1301 3385 1364 3447 hia·

254 3493 304 3552 tus
321 3491 371 3571 qui
386 3488 541 3551 18181317
557 3492 665 3551 81318
680 3489 878 3550 8111181338
894 3489 925 3548 81
940 3491 1002 3550 339
1019 3491 1098 3564 88111,
1117 3489 1306 3550 librariorum
1319 3488 1363 3550 in-

255 3591 356 3655 curiae
378 3591 489 3667 deberi,
512 3593 566 3653 sed
586 3611 662 3673 quae
682 3591 762 3652 iuter
784 3595 844 3652 331
868 3593 899 3650 81
921 3593 983 3652 332
1006 3591 1132 3654 forsitan
1153 3591 1364 3654 desiderentur

254 3695 373 3776 abipso
390 3695 480 3774 88818
495 3695 605 3756 8181888
621 3713 698 3770 8888,
721 3694 771 3774 qui
793 3693 880 3754 huius
903 3691 1081 3755 narrationis
1098 3693 1279 3756 lineamenta
1299 3694 1364 3756 sola

254 3799 360 3864 iecisse
382 3799 540 3858 contentus
562 3799 742 3878 explendam
761 3814 827 3858 eam
848 3797 879 3857 in
901 3795 982 3858 aliud
1003 3797 1124 3878 tempus
1147 3795 1293 3858 reiecerit.

359 3899 397 3962 In
416 3901 554 3960 81118188
572 3899 667 3980 quinti
689 3900 757 3962 libri
778 3903 865 3981 88118
886 3917 905 3960 a
924 3917 1015 3960 versu
1039 3901 1100 3961 649
1117 3899 1272 3961 Μ1881188
1293 3917 1363 3960 cou-

254 4008 304 4067 tra
321 4003 451 4066 Martem
471 4003 679 4066 sermocinatio
702 4005 758 4078 est,
779 4003 864 4064 cuius
885 4002 944 4064 duo
966 4021 1074 4063 versus
1091 4007 1152 4067 656
1169 4007 1201 4065 81
1217 4006 1278 4064 667
1293 4002 1363 4083 8188

254 4127 314 4171 888
336 4105 455 4170 1881118
476 4104 642 4186 displicent.
678 4124 748 4166 nam
769 4105 878 4187 prioris
902 4095 978 4188 quae
1001 4106 1041 4169 sit
1056 4105 1207 4168 sententia
1220 4121 1288 4166 oum
1303 4121 1362 4165 non

256 4213 300 4274 ita
316 4211 403 4274 iacile
424 4209 559 4292 capietur
572 4243 616 4256 --
632 4207 762 4270 Martem
782 4211 883 4269 autem
906 4207 1076 4270 aMinerva
1094 4208 1259 4291 vituperari
1279 4211 1361 4288 puto,

255 4313 334 4398 quod
354 4318 482 4377 matrem
504 4312 594 4374 etiam
623 4329 699 4393 quae
720 4309 861 4373 1888118111
891 4313 1013 4374 1888181
1032 4310 1128 4374 simili
1150 4329 1185 4373 88
1208 4331 1241 4372 88
1264 4310 1362 4392 ipsam
