3132 4968
719 462 742 502 C.
758 460 977 502 venementer

378 617 512 698 Iphitus,
536 615 583 676 hie
604 615 735 695 patrium
756 613 869 692 frangit
890 612 1061 693 Neptunius
1083 631 1196 694 aequor

380 720 430 801 qui
453 719 536 778 tenet
557 717 735 778 undisonam
755 715 936 777 Psamathen
959 735 1138 796 semperque
1159 719 1312 798 patentem

378 823 537 884 Taenaron
556 820 749 900 Euphemes,
770 819 910 899 mollique
932 838 950 879 a
970 818 1058 880 litore
1079 817 1180 882 Pellae
1334 827 1398 884 365

380 925 544 986 Deucalion
562 927 663 990 certus
681 923 785 984 iaculis
806 924 838 983 et
859 921 1022 982 comminus
1045 941 1118 982 ense

379 1026 486 1090 nobilis
508 1022 675 1107 Amphion,
696 1025 810 1106 pariter
830 1043 904 1104 quos
927 1023 1020 1085 edidit
1040 1023 1149 1106 Hypso

379 1152 435 1194 nec
455 1129 554 1212 potuit
574 1127 686 1188 similes
708 1127 842 1188 voluitve
864 1126 996 1188 ediscere
1019 1127 1130 1188 vultus.

379 1237 444 1296 tum
466 1230 566 1293 valida
588 1228 753 1309 Clymenus
774 1249 918 1310 percusso
938 1233 1058 1309 pectore
1079 1233 1167 1292 tonsa
1278 1277 1280 1282 -

378 1338 471 1397 frater
491 1337 523 1394 et
542 1333 675 1414 Iphiclus
696 1345 828 1412 puppem
848 1333 954 1410 trahit,
974 1335 1007 1394 et
1027 1331 1091 1394 sace
1115 1352 1207 1396 saeva
1334 1341 1398 1398 370

379 1439 410 1499 in
432 1440 485 1498 tua
507 1455 579 1497 mox
600 1435 722 1516 Danaos
744 1437 866 1495 aeturus
889 1455 979 1510 saxa,
1002 1432 1168 1515 Caphareu,

378 1539 543 1622 Nauplius,
565 1541 597 1600 et
617 1540 730 1599 tortum
750 1555 810 1597 non
832 1535 869 1598 ab
891 1535 965 1598 Iove
988 1536 1100 1598 fulmen
1119 1537 1224 1600 Oileus

353 1652 357 1660 ’
381 1642 431 1724 qui
453 1644 569 1721 gemet,
590 1637 740 1702 Euboicas
762 1641 832 1701 nato
856 1640 1001 1702 stridente
1023 1659 1077 1721 per
1098 1642 1204 1718 undas,

379 1745 488 1826 quique
513 1743 708 1824 Erymanthei
731 1742 889 1805 sudantem
910 1742 1042 1824 pondere
1065 1745 1191 1805 monstri

379 1847 668 1930 Amphitryoniaden
690 1844 829 1926 Tegeaeo
851 1846 951 1907 limine
974 1845 1113 1926 Cepheus
1331 1853 1396 1911 375

378 1952 467 2030 iuvit,
490 1954 522 2012 et
542 1949 766 2030 Amphidamas.
810 1951 842 2009 at
863 1948 957 2010 frater
977 1948 1093 2029 plenior
1114 1950 1189 2011 actis

319 2099 321 2106 -
378 2055 483 2116 maluit
504 2053 626 2115 Ancaeo
649 2052 747 2114 vellus
769 2051 942 2130 confingere
964 2049 1075 2111 Phrixi.

378 2161 477 2220 tectus
500 2158 532 2216 et
553 2154 703 2236 Eurytion
726 2157 847 2215 serrato
869 2154 945 2216 colla
966 2154 1080 2234 capillo,

379 2279 466 2342 quem
489 2261 575 2340 pater
597 2256 711 2318 Aonias
733 2258 873 2318 reducem
895 2255 1030 2318 tondebit
1051 2257 1090 2318 ad
1112 2276 1190 2319 aras.

379 2369 410 2424 te
433 2382 549 2444 quoque
572 2360 775 2438 Thessalicae,
798 2359 924 2434 Nestor,
946 2359 1025 2440 rapit
1046 2359 1077 2420 in
1099 2362 1176 2424 freta
1198 2361 1307 2442 puppis
1331 2365 1396 2422 380

377 2468 472 2540 sama,
494 2463 668 2544 Mycenaeis
691 2464 760 2524 olim
783 2462 833 2542 qui
854 2461 980 2524 candida
1001 2464 1077 2526 velis

377 2586 508 2646 aequora
529 2569 561 2627 et
582 2567 731 2626 instantes
752 2565 898 2625 mirabere
920 2564 1001 2624 mille
1023 2566 1193 2645 magistros.

377 2670 425 2730 hie
445 2674 534 2731 uates
554 2667 725 2748 Phoebique
747 2667 822 2728 fides
845 2685 905 2725 non
926 2685 1006 2730 runa
1027 2670 1171 2749 parentis,

377 2767 520 2852 Mopsus,
538 2769 663 2852 puniceo
687 2770 735 2831 oui
757 2768 935 2831 circumfusa
956 2772 1101 2832 cothurno

392 3093 442 3140 666
462 3087 613 3153 neptunnius
631 3088 655 3136 Ρ
721 3090 772 3135 664
790 3086 919 3149 psameten
936 3085 980 3145 M,
999 3091 1130 3150 psamateu
1148 3091 1174 3140 P
1240 3093 1290 3141 666
1308 3088 1393 3154 pellae

288 3179 355 3228 MP:
373 3175 439 3242 pelle
448 3176 479 3236 V,
497 3173 615 3224 Pellenae
633 3179 655 3220 et
673 3187 696 3221 v.
714 3174 764 3220 666
776 3169 893 3219 Asterius
907 3187 955 3232 pro
968 3169 1108 3224 Deucalion
1125 3190 1175 3224 non
1186 3177 1264 3224 nullis
1282 3178 1393 3225 arridere

287 3263 349 3312 Pius
367 3263 426 3312 diota
498 3255 640 3310 cornminus
660 3257 694 3306 Μ
708 3254 832 3318 (eominus
850 3270 913 3304 corr.
931 3255 965 3316 m)
1044 3261 1103 3320 Ι666
1121 3259 1243 3324 amphion
1261 3262 1327 3311 MP:
1347 3276 1392 3310 an-

287 3347 369 3413 phion
390 3347 415 3398 V
481 3348 530 3396 666
556 3343 683 3409 clymenus
700 3342 746 3391 M:
769 3339 889 3390 elimenes
910 3343 981 3399 VPe,
1008 3340 1105 3407 Clytius
1123 3345 1183 3396 ΑΜ.
1204 3348 1393 3398 Pmeaemaunm

287 3435 304 3483 l.
324 3436 341 3483 l.
357 3447 385 3494 p,
407 3435 439 3482 '14
527 3432 577 3478 660
593 3425 703 3491 iphlious
722 3426 766 3487 M,
790 3424 888 3491 iphitus
907 3427 928 3474 0
950 3427 1124 3489 (arridetur),
1151 3427 1253 3496 Iphitus
1273 3434 1299 3482 et
1313 3430 1392 3482 irater

288 3518 477 3566 hicemannus
533 3511 602 3576 rapit
618 3512 777 3560 eruannus
846 3515 895 3562 661
917 3510 1044 3575 caphareu
1064 3512 1134 3562 MP:
1151 3515 1278 3580 caphereu
1300 3519 1325 3569 V

288 3604 405 3651 aranon
422 3600 484 3657 uV,
501 3611 569 3647 noua
585 3598 609 3645 P
677 3599 727 3647 666
745 3598 830 3658 gemet
849 3605 884 3662 ip:
905 3595 985 3660 gemit
1006 3595 1053 3646 VP
1111 3592 1242 3652 ‘stridente
1257 3599 1393 3662 infeliciter

282 3686 391 3746 positam·
411 3691 447 3732 eat
464 3685 497 3732 ad
513 3683 693 3745 exprimendum
716 3680 829 3730 flammas
853 3680 975 3730 transfixo
1000 3683 1103 3744 pretore
1126 3681 1290 3748 expirantem’
1307 3669 1391 3742 Pee'rl-

286 3771 388 3832 kemper
406 3770 440 3816 ad
459 3765 701 3831 Very.Aon.144
787 3770 838 3816 664
860 3764 1017 3830 erymanthei
1033 3767 1099 3816 MP:
1124 3770 1263 3836 erymentoi
1290 3772 1316 3822 V

286 3857 337 3906 666
355 3850 623 3919 Amphitryoniadente
642 3865 690 3915 geo
705 3852 736 3910 V,
748 3849 945 3928 ¹Anrpbitrioniu
958 3851 1007 3902 den
1022 3854 1097 3918 tegeo
1109 3856 1142 3905 Μ
1157 3857 1256 3921 (tegnas
1269 3869 1333 3906 sorr.
1346 3859 1390 3921 m),

286 3936 524 4005 Amphitrioniaden
548 3950 611 4000 egeo
629 3938 653 3986 P
736 3941 786 3988 666
805 3934 951 3998 amphidam
969 3938 994 3987 P
1066 3941 1106 3988 set
1121 3941 1146 3990 P
1227 3941 1299 3992 annis
1322 3959 1347 3996 m
1362 3946 1391 3994 in

284 4041 360 4090 orare.
433 4026 483 4073 666
501 4021 615 4086 eurityon
630 4022 674 4081 Μ,
693 4021 851 4088 euryoionP
902 4025 951 4070 681
971 4022 1096 4090 myceneis
1110 4013 1277 4086 K'mieeuois
1289 4029 1345 4078 ΠΡ

284 4113 334 4160 666
353 4112 378 4159 et
394 4108 517 4157 instantes
537 4107 747 4167 Eyesmdardts'us
764 4110 781 4156 l.
800 4108 819 4156 1.
834 4122 864 4167 p.
884 4109 942 4155 666.
960 4109 1023 4158 idem
1040 4117 1082 4158 aaa
1101 4112 1127 4158 st
1148 4114 1262 4168 extantes
1280 4115 1388 4164 conim-

283 4209 352 4243 rem:
369 4193 527 4243 neo¹stantes
551 4193 597 4244 VP
659 4192 784 4260 mirabere
800 4175 868 4241 MP:
886 4189 1010 4243 mireuere
1026 4196 1052 4246 V
1116 4198 1166 4244 666
1184 4195 1253 4248 Hine
1273 4213 1326 4248 cuns
1343 4202 1389 4250 Pio

282 4279 403 4326 Haemus
469 4283 538 4328 retes
558 4287 594 4344 ip:
612 4274 678 4325 uatis
701 4277 766 4329 VPO
832 4273 960 4341 phebique
977 4278 1002 4327 P
1067 4283 1117 4330 ³84
1136 4280 1280 4334 circimlusa
1296 4286 1321 4335 Ρ

281 4365 387 4413 coturno
407 4364 453 4412 VP

447 4596 1162 4964 Mun
