3086 4968
625 437 715 482 CAPUT
737 437 770 477 11.
1195 440 1252 482 LXV

242 605 383 670 Codiaem
409 603 696 676 Bononiensem
724 603 918 667 bibliothecae
946 604 1121 668 monasterii
1148 605 1251 670 Sancti

141 711 307 773 Salvatoris
333 709 397 771 vidi
419 707 540 787 quidem
562 707 616 768 sed
637 726 697 769 non
716 706 843 788 inspexi.
880 706 913 766 in
934 709 1114 770 membranis
1135 711 1248 774 formae

29 843 30 886 3
140 818 264 876 octavae
287 813 408 874 saeculo
438 811 553 872 decimo
582 810 684 891 quinto
713 810 843 890 scriptus
865 811 927 884 est,
957 829 1055 892 neque
1081 814 1249 876 audiendus

140 919 263 980 Dureau
299 917 337 977 de
364 915 519 990 Lamalle,
546 913 596 994 qui
615 914 730 995 (praef.
752 935 781 994 p.
803 913 861 990 VI)
897 931 966 974 eum
1002 909 1250 994 saeculildecimi

141 1022 225 1083 tertii
244 1020 295 1082 vel
318 1019 418 1099 quarti
437 1035 506 1078 esse
526 1016 613 1078 dixit
650 1015 732 1077 idem
751 1014 984 1094 Francogallus‚
1010 1020 1045 1078 ut
1065 1020 1121 1080 hac
1143 1041 1249 1102 oppor-

142 1124 271 1186 tunitate
293 1123 393 1184 oblata
410 1121 443 1182 id
464 1119 587 1195 addam,
617 1119 709 1180 etiam
729 1118 911 1181 Vaticanum
934 1122 1018 1181 3277
1031 1122 1250 1201 neglegentis-

142 1229 219 1290 sime
238 1225 381 1288 excussit.

241 1329 367 1390 Praeter
394 1328 469 1388 haec
495 1343 572 1406 quae
598 1324 665 1406 ipse
694 1308 757 1386 lidi
786 1324 928 1388 Vaticani
955 1329 1038 1388 3277
1074 1329 1249 1410 apographa

141 1432 200 1494 tria
222 1431 341 1495 nominc
364 1432 402 1492 ab
424 1430 490 1491 aliis
511 1429 551 1489 ad
564 1427 916 1508 emendandurnpoatam
933 1429 1079 1492 adhibita:
1101 1432 1251 1510 regium

138 1534 301 1596 Heinsii
321 1531 460 1596 Holmiae
481 1532 647 1594 Suanorum
669 1551 686 1591 e
713 1531 800 1610 regia
821 1531 1001 1593 bibliotheca
1020 1530 1146 1594 Heinsio
1168 1534 1251 1596 obla-

139 1640 220 1712 tum,
239 1654 347 1717 parum
368 1636 487 1717 quidem
511 1635 675 1714 antiquum,
696 1637 751 1698 sed
771 1634 889 1696 erudita
911 1638 943 1695 at
962 1636 1082 1715 quidem
1094 1637 1249 1718 Pomponii

136 1740 228 1802 Laeti
249 1758 355 1816 manu,
375 1738 435 1799 nisi
453 1736 612 1798 Heinsium
634 1739 804 1800 coniectura
823 1738 943 1815 fefellit,
965 1739 1164 1821 descriptum:
1189 1763 1250 1804 oo-

138 1843 267 1906 dicem
293 1841 524 1918 Burmanni,
546 1862 634 1922 quem
655 1841 846 1904 Burmannus
868 1861 967 1920 neque
996 1845 1152 1904 vetustum
1180 1865 1250 1908 esse

138 1947 218 2008 dixit
231 1965 329 2027 neque
342 1946 433 2008 valde
450 1947 636 2008 accuratum:
659 1945 831 2024 codice-m
850 1943 984 2022 (locki,
1006 1947 1091 2007 cuius
1106 1952 1251 2028 excerpta
1345 1941 1350 1948 ’

29 2101 30 2128 p
139 2050 317 2112 Dominiaus
340 2049 500 2110 Ferrarius
517 2045 849 2110 LondinioBurmanno
863 2049 952 2110 misit
988 2050 1121 2111 codicem
1132 2052 1251 2131 regium

29 2131 30 2154 ³
139 2154 309 2234 scripturae
330 2151 395 2212 eius
414 2152 452 2212 ab
466 2148 592 2210 Heinsio
606 2150 747 2212 laudatae
760 2150 908 2212 Italorum
927 2152 1107 2214 coniecturis
1120 2154 1251 2234 receptis

138 2256 355 2337 interpolatum
385 2252 478 2314 fuisse
500 2253 646 2334 probant,
676 2256 821 2314 contras
846 2253 940 2316 Cooki
962 2255 1037 2316 libro
1070 2273 1146 2334 quae
1173 2255 1250 2318 Bur·
1363 2303 1365 2308 .

138 2377 269 2420 mannus
290 2357 415 2438 protulit
444 2375 514 2416 oum
534 2354 674 2418 Vaticani
704 2358 789 2416 3277
818 2356 961 2418 memoria
983 2357 1158 2439 plerumque
1181 2378 1249 2420 eon-

139 2464 284 2622 Semilii
320 2561 448 2641 epistola
487 2559 680 2622 Constantios
711 2561 808 2624 XVII
836 2561 901 2626 aar
930 2562 988 2625 Iul.
1022 2583 1099 2627 anno
1139 2562 1252 2627 Christi

138 2662 379 2752 Mccpoxvu
402 2664 441 2726 ad
461 2660 628 2724 Guarinum
649 2664 859 2726 Veronensem
882 2665 953 2726 date
973 2665 1108 2745 Poggius
1127 2665 1250 2728 Floren-

139 2771 223 2830 tinus
253 2768 372 2842 namet,
407 2767 439 2826 in
472 2767 654 2828 monasterio
681 2765 784 2828 Sancti
813 2765 894 2828 Galli
921 2787 1015 2850 propa
1044 2769 1251 2832 Constantiam

138 2875 198 2933 sito
224 2871 397 2951 repperisse
416 2889 450 2930 se
473 2890 541 2930 cum
563 2869 638 2930 alios
662 2870 825 2948 scriptores
847 2872 912 2930 tum
933 2871 1025 2931 libros
1053 2874 1117 2932 tres
1137 2872 1251 2953 primos

30 3033 31 3042 ,
137 2977 169 3036 61
192 2972 381 3033 dimidiatum
399 2973 497 3052 quarti
521 2971 552 3035 (l.
566 2972 681 3034 Valerii
697 2972 798 3034 Flacci
810 2971 1046 3052 Argonauticon.
1084 2974 1132 3036 hic
1155 2976 1251 3058 codex

30 3077 31 3082 ’
138 3076 423 3155 Sangallensis
452 3077 539 3136 hodie
561 3075 697 3156 perditus
720 3077 784 3154 est,
814 3075 869 3136 sed
892 3076 1034 3155 quattuor
1056 3077 1135 3157 quod
1158 3079 1250 3140 sciam

137 3178 316 3260 apographa
337 3178 402 3240 eius
423 3180 542 3240 saeculo
565 3179 677 3238 decimo
701 3177 802 3258 quinto
821 3177 900 3238 facta
915 3184 1086 3258 supersunt,
1108 3182 1249 3260 equibus

138 3283 198 3344 tria
220 3283 419 3342 asservantur
437 3281 554 3343 Bomae
576 3281 607 3342 in
628 3279 805 3342 bibliotheca
817 3279 974 3355 Vaticana,
995 3300 1088 3344 unum
1101 3281 1247 3346 Oxoniae.

137 3386 172 3446 61
196 3381 388 3446 Ber-nardum
407 3384 438 3444 in
462 3385 600 3464 catalogo
618 3384 761 3446 librorum
783 3403 855 3444 mss.
877 3382 1007 3462 Angliae
1030 3386 1062 3444 et
1082 3382 1250 3448 Hiberniae

137 3489 171 3550 H
194 3510 224 3570 p.
242 3491 284 3549 30
307 3491 339 3548 61
353 3487 512 3548 Nicolaum
522 3486 688 3561 Heinsium,
711 3487 796 3548 cuius
817 3486 892 3546 haec
911 3487 1004 3546 verba
1025 3490 1096 3548 sunt
1117 3488 1149 3548 in
1162 3507 1249 3568 prae-

136 3592 266 3654 fatione:
289 3583 453 3652 ‘volumine
477 3590 588 3680 altero3
606 3590 710 3651 itidem
732 3590 896 3665 chartaceo,
920 3591 952 3649 61
968 3591 1031 3650 tres
1053 3589 1169 3670 priores
1191 3591 1250 3654 Ar·

31 3701 32 3764 3
136 3693 322 3775 gonauticon
348 3691 439 3753 libros
465 3711 534 3752 cum
560 3697 647 3773 parte
677 3692 775 3773 quarti
803 3692 974 3771 complexo,
1003 3692 1083 3772 quod
1110 3681 1248 3757 Oimniae

137 3798 168 3858 in
191 3795 329 3874 Collegio
350 3794 518 3874 Baginensi
540 3794 732 3871 adservatur,
762 3795 822 3854 iam
850 3795 921 3854 olim
947 3795 1027 3856 inter
1047 3795 1114 3875 ipsa
1136 3798 1247 3858 studio-

138 3919 208 3962 rum
243 3897 378 3960 tirocinia
413 3898 493 3976 apud
521 3891 683 3958 Britannos
722 3897 839 3958 fueram
866 3883 958 3958 usus.³
994 3897 1073 3958 inter
1100 3899 1249 3962 Vaticana

137 4003 234 4084 primo
257 4001 321 4062 loeo
346 4001 465 4061 1011110
494 3997 800 4062 Ottobonianum
832 4003 930 4076 1258,
959 4002 1029 4060 ante
1050 3999 1248 4080 Alteempsia·

138 4126 213 4168 num
225 4105 377 4168 11139.
397 4101 530 4163 60111161
549 4102 575 4163 is
596 4102 627 4162 in
649 4107 709 4164 331
734 4103 812 4164 foliis
836 4101 1000 4164 chartaceis
1020 4102 1132 4162 formae
1153 4104 1248 4166 maui-

136 4228 208 4270 mae
239 4207 304 4270 silii
331 4206 429 4268 Italici
456 4205 569 4267 Punica
598 4206 706 4286 (usque
732 4204 771 4266 ad
798 4205 901 4265 folium
934 4205 1010 4282 288)
1038 4204 1069 4262 61
1093 4202 1249 4293 Valerium

137 4310 343 4376 Flaccumad
356 4309 406 4370 lib.
418 4307 465 4371 IV
480 4314 550 4372 317.
583 4308 738 4390 inscriptio
761 4308 830 4369 libri
844 4307 932 4389 primi
944 4307 1020 4368 haec
1034 4309 1098 4367 est:
1121 4305 1248 4372 GAGI.

193 4415 269 4463 abiro,
291 4414 341 4455 Val.
356 4411 391 4454 Bi.
1024 4425 1037 4460 e
