3110 4972
683 448 708 491 ῦ.
722 445 830 490 VALBRI
844 445 944 489 mem

348 603 395 664 tot
413 601 507 680 heta,
528 602 575 662 tot
596 599 690 662 durae
709 601 901 683 properantia
920 598 1020 660 sidera
1041 615 1173 679 passum.

347 704 474 780 Phrixe,
495 704 563 767 fave
579 695 615 766 'et
637 703 751 786 patrias
772 703 908 784 placidus
929 701 1121 764 reminiscere
1142 705 1249 764 terras.

347 811 382 869 tu
404 826 522 886 quoque
544 826 639 880 nuno,
660 807 775 868 tumulo
798 806 977 886 nequiquam
999 805 1119 868 condita
1139 805 1230 882 inani,

347 910 446 972 adnue
467 909 537 972 diva
554 910 646 971 maris
666 930 850 992 numeroque
872 909 980 972 accede
1002 912 1130 971 tuorum
1260 899 1262 904 ¹

348 1014 466 1094 quando
487 1016 609 1092 egomet
629 1033 736 1074 rursus
757 1032 812 1094 per
832 1015 864 1074 te
884 1013 996 1074 vehar?
1019 1031 1111 1074 auree
1131 1013 1249 1092 quando
1304 1017 1369 1075 200

346 1114 458 1177 Seston
480 1118 513 1176 et
533 1116 679 1178 infaustos
702 1117 887 1196 adgnoscent
907 1117 1022 1176 vellera
1042 1115 1170 1177 fluctus?

346 1237 402 1281 vos
424 1219 515 1280 etiam
537 1221 648 1299 silvae,
668 1239 724 1281 vos
747 1216 903 1280 Colchidos
920 1218 1047 1299 hospitis
1069 1237 1150 1294 orae,

346 1323 484 1404 pandite,
506 1323 591 1385 dives
613 1323 665 1385 ubi
686 1322 773 1404 pellis
795 1322 886 1385 micet
907 1324 1013 1384 arbore
1035 1341 1128 1385 sacra.

345 1429 418 1488 tuno
438 1426 506 1502 tibi,
526 1425 645 1487 fecundi
666 1426 766 1506 proles
787 1423 885 1501 Iovia,
908 1429 973 1487 orte
991 1426 1084 1489 nivali

345 1527 481 1590 Arcados
503 1548 561 1590 axe
583 1529 673 1604 deae,
693 1526 785 1588 fluvio
806 1529 911 1604 modo,
934 1528 1040 1606 Phasi,
1060 1528 1162 1610 'quieto
1302 1533 1365 1592 205

344 1631 509 1693 Palladiam
529 1631 644 1712 patiare
666 1632 778 1707 ratem,
799 1651 856 1693 nec
878 1633 971 1710 dona,
989 1651 1046 1693 nec
1069 1652 1140 1694 arae

345 1734 494 1796 defuerint
515 1735 624 1796 tellure
645 1752 727 1808 mea;
748 1736 922 1797 veneranda
937 1735 1059 1796 fluentis

346 1839 463 1919 effigies
484 1840 530 1913 te,
548 1827 655 1916 Phasi,
677 1838 794 1913 manet,
815 1855 905 1918 quem
925 1858 1054 1918 magnus
1076 1838 1211 1920 Enipeus

344 1943 376 2003 et
398 1944 485 2023 pater
507 1943 612 2002 aurato
637 1942 767 2020 quantus
785 1941 864 2002 iacet
881 1940 1011 2003 Inachus
1033 1934 1136 2003 antro?

344 2044 478 2122 dixerat,
501 2045 600 2125 adque
619 2043 663 2104 illi
683 2044 792 2104 dextra
811 2043 875 2104 sine
898 2063 988 2107 versa
1008 2045 1120 2125 magist
1137 2043 1145 2060 ”
1299 2052 1363 2110 210

283 2177 286 2184 v
343 2147 481 2228 protinus
505 2149 537 2209 in
558 2166 678 2228 proram
698 2145 787 2208 rediit
805 2147 879 2208 ratis
900 2147 998 2210 omine
1019 2151 1101 2210 certo

341 2251 471 2312 fluminis
489 2237 529 2314 ¹os
551 2234 735 2332 pon'tumque
758 2251 855 2310 tuens.
893 2242 1055 2331 ‘promittis
1075 2256 1110 2314 ut
1132 2271 1202 2314 ecce

343 2357 436 2435 utque
458 2373 550 2416 vocas
571 2342 757 2415 revehemur'
780 2351 830 2412 ait.
874 2352 919 2420 sic
938 2353 1046 2415 deinde
1069 2357 1209 2436 precatus

341 2475 425 2538 arma
445 2457 530 2518 iubet
551 2457 632 2517 celsa
652 2455 751 2532 sepios
772 2456 948 2536 depromere
968 2478 1079 2539 puppe.

343 2558 421 2621 dona
442 2561 549 2621 dehinc
571 2558 683 2620 Bacchi
703 2577 851 2639 casusque
873 2563 908 2620 ut
927 2559 1026 2622 firmet
1049 2561 1080 2622 in
1105 2581 1209 2623 omnes
1297 2563 1361 2623 215

341 2666 429 2744 rapta
450 2659 560 2740 Ceres,
582 2662 754 2742 viridesque
776 2664 917 2741 premunt
937 2654 1028 2743 longo
1050 2664 1154 2726 ordine
1175 2664 1265 2746 ripas.

405 2811 509 2894 Incipe
531 2829 611 2871 nuno
632 2812 739 2871 cantus
761 2810 852 2888 ahos,
871 2811 945 2890 dea,
965 2812 1091 2894 visaque
1111 2815 1198 2878 vobis

341 2915 507 2978 Thessalici
529 2913 667 2976 debella
689 2913 782 2976 ducis.
826 2935 887 2977 non
907 2935 993 2978 mens
1012 2917 1099 2993 mihi,
1120 2937 1181 2980 non
1200 2918 1275 2981 haee

360 3161 408 3208 196
427 3156 483 3207 dodi
499 3170 559 3218 quoe
581 3165 638 3206 nont
655 3159 684 3206 in
700 3157 730 3217 V,
750 3159 862 3219 quonium
878 3171 965 3206 ouras
983 3158 1089 3205 nmium
1102 3157 1264 3218 probabiliter
1281 3173 1361 3208 ernon

254 3246 327 3293 dutus
344 3251 388 3293 est.
424 3245 443 3291 t.
460 3240 477 3291 f.
499 3244 538 3291 tot
555 3241 618 3291 dure
641 3242 807 3307 properantia
824 3241 907 3292 sidera
927 3241 1010 3306 passis
1031 3243 1065 3302 0,
1089 3244 1108 3292 t.
1127 3241 1144 3291 f.
1166 3245 1206 3294 tot
1223 3241 1318 3293 dudum
1335 3247 1361 3294 ta

254 3330 361 3393 propter
376 3326 460 3377 sidera
476 3328 559 3392 passis
575 3331 613 3379 oei
628 3330 647 3377 t.
666 3328 683 3378 l.
701 3330 788 3391 totque
804 3326 866 3377 adeo
882 3331 908 3377 te
926 3331 1033 3393 propter
1051 3343 1071 3378 s.
1089 3329 1233 3406 passiquel
1251 3333 1269 3380 t.
1286 3330 1305 3380 t.
1322 3334 1362 3382 tot

252 3416 348 3476 terras,
378 3415 419 3462 tot
440 3411 570 3478 inhospita
593 3429 612 3464 s.
631 3413 715 3476 passis
731 3415 866 3474 Heinsius,
896 3415 916 3461 t.
930 3411 948 3463 f.
971 3417 1010 3463 tot
1028 3414 1090 3465 duce
1108 3418 1134 3465 to
1156 3416 1323 3482 properantia
1341 3433 1362 3468 s.

253 3493 337 3561 passis
359 3499 531 3559 Bonnannns,
558 3497 611 3547 ti.
634 3501 673 3546 tot
696 3513 772 3547 cursu
795 3499 946 3562 properanti
973 3500 1057 3552 sidera
1080 3502 1164 3568 passis
1187 3505 1314 3554 Iueobsius
1332 3507 1362 3556 in

254 3583 376 3632 Matthiae
393 3585 493 3634 miscell.
509 3585 597 3645 philol.
610 3598 640 3644 p.
665 3588 704 3633 so.
734 3581 845 3643 sortasse
864 3586 883 3636 t.
899 3584 917 3634 1.
941 3588 980 3637 tot
998 3602 1074 3638 cursu
1093 3582 1242 3654 properanti
1263 3607 1282 3640 s.
1300 3606 1360 3655 pas·

254 3684 319 3722 sum,
400 3675 448 3720 197
468 3670 525 3719 iove
540 3670 673 3719 wetinus
741 3665 856 3732 placidus
875 3670 911 3719 0:
929 3685 973 3721 nn.
989 3673 1019 3734 V,
1040 3673 1117 3724 etiam
1134 3683 1159 3742 qo
1248 3679 1362 3726 198118-

253 3767 377 3821 quaquam
394 3754 428 3804 Μ
528 3757 578 3803 200
594 3752 701 3808 Quondo
724 3755 750 3806 V
816 3769 863 3818 per
883 3756 1002 3806 invehar
1021 3759 1362 3824 0:pertouearaV‚prao·

252 3840 369 3892 teruehas
389 3840 433 3899 H,
451 3838 631 3901 praeteruehsr
648 3847 697 3905 nup
786 3844 834 3890 202
854 3855 925 3902 oram
943 3842 1065 3891 Heinsius
1165 3851 1214 3896 203
1232 3846 1308 3896 micet
1326 3849 1362 3898 0,·

251 3925 356 3976 misceat
378 3925 434 3975 VM
448 3921 470 3987 (s
485 3929 544 3985 post
560 3925 662 3972 deletum
679 3926 707 3971 in
722 3921 783 3987 H),
801 3923 879 3973 micat
896 3928 968 3974 roden
981 3929 1083 3989 priscus
1100 3930 1155 3992 Pii,
1173 3932 1238 3982 nitet
1257 3941 1280 3998 ψ

251 4017 301 4064 206
319 4027 409 4063 necare
431 4013 457 4063 V
540 4012 590 4060 207
610 4008 752 4058 ueneranda
769 4011 802 4060 Μ
805 4025 814 4059 .·
831 4008 940 4060 uerenda
963 4014 994 4073 V,
1013 4013 1151 4064 reverenda
1168 4018 1290 4066 Heinsius

252 4103 302 4149 209
317 4101 422 4164 arquato
440 4097 478 4147 uel
494 4097 707 4146 moeno-antro
723 4104 765 4144 aot
785 4099 982 4147 aurata-urna
996 4100 1118 4148 Heinsius
1187 4106 1236 4151 210
1254 4101 1362 4152 Dixerat

252 4186 298 4234 M:
317 4185 389 4235 Dixit
406 4186 461 4235 erat
483 4184 508 4233 V
567 4207 571 4214 ·
629 4185 677 4231 211
704 4178 842 4242 improram
860 4182 893 4231 Μ
1011 4189 1061 4236 215
1081 4201 1200 4251 emurque
1220 4190 1249 4236 ut
1266 4189 1362 4238 subluto

247 4277 305 4330 post
330 4285 416 4321 omnes
440 4269 636 4330 interpunctione
658 4265 796 4317 Heinsius:
819 4279 891 4318 casus
910 4267 954 4333 qui
977 4271 1013 4321 Vr
1092 4265 1093 4270 ’
1116 4271 1249 4324 illelius
1272 4277 1361 4326 cantus

251 4373 263 4404 a
318 4345 448 4422 'nobisrp
554 4361 604 4407 218
624 4354 732 4406 haeoV
