3086 4968
266 487 359 528 xcvm
414 487 415 494 ’
601 485 848 526 xI'ROIAEGOMENON
867 484 960 526 CAPUT
979 485 1022 528 111.

267 654 401 734 quidem,
432 674 519 735 quom
542 654 684 716 cretionis
708 653 920 715 obscuritatem
940 654 1110 716 adfectasse
1132 652 1276 729 sciamus,
1304 654 1377 715 tatia

267 757 425 839 scripsisse
440 757 599 838 ¹probabile
622 758 668 819 sit.
691 792 734 804 ·-—
760 759 822 819 572
844 755 1104 837 Eyssenhardtius
1125 755 1221 832 fluctu
1242 776 1302 817 non
1324 759 1376 817 de-

266 861 332 921 buit
360 865 476 922 mutare
507 860 538 921 iu
566 864 652 922 rictu.
691 863 761 941 apto
793 859 871 920 enim
901 860 999 940 siquid
1029 860 1117 922 video
1145 864 1235 942 pocta
1261 861 1376 922 sumum

268 982 336 1025 oum
358 965 422 1044 igni
443 983 461 1026 a
483 964 578 1024 tauris
606 965 812 1044 provolutum,
843 963 957 1024 flumini
979 966 1133 1045 comparat
1161 983 1178 1022 e
1199 964 1278 1026 rictu
1297 965 1376 1027 nari-

265 1068 382 1147 busque
404 1085 508 1128 eorum
528 1067 683 1128 exorienti.

303 1231 305 1236 ,
371 1169 455 1232 Libri
483 1171 582 1233 octavi
610 1191 732 1233 versum
755 1175 819 1233 269
836 1172 870 1250 (ο
891 1169 1021 1254 pudor!)
1043 1175 1070 1234 ct
1091 1191 1194 1234 muros
1215 1175 1244 1234 ct
1266 1171 1375 1238 atentia

266 1276 339 1335 tecta
368 1275 493 1356 reliquit
512 1272 773 1356 Eyssenhardtius
799 1276 881 1335 rocta
911 1273 1055 1336 iudicavit
1075 1271 1281 1337 Burmannum
1308 1295 1376 1357 per-

266 1397 355 1438 verse
378 1377 564 1457 explicasse,
592 1397 661 1438 cum
684 1377 811 1440 ironiam
831 1377 863 1438 in
889 1395 924 1437 eo
946 1376 1048 1437 inesse
1073 1377 1194 1440 diceret.
1227 1372 1375 1461 haecpo-

266 1482 328 1542 tius
342 1479 469 1561 Absyrti
482 1499 577 1556 mens,
591 1481 765 1561 pudendum
776 1499 853 1558 esso,
868 1478 1063 1558 Argonautas
1075 1478 1217 1543 Medeam
1227 1479 1376 1564 rapuisse,

264 1603 447 1666 *quamquam
463 1583 536 1644 urbo
559 1587 655 1646 staret
677 1603 775 1665 neque
795 1585 1037 1665 propugnatores
1060 1585 1130 1645 ante
1153 1586 1243 1648 occisi
1264 1591 1375 1649 essent.

266 1687 368 1769 itaque
396 1687 629 1770 Eyssenhardtii
659 1689 832 1750 coniectura
853 1689 955 1750 abacia
976 1707 1031 1769 pro
1052 1690 1161 1751 stantia
1182 1690 1399 1768 rescribentis,

265 1812 375 1854 uersus
398 1792 451 1853 ino
471 1811 532 1852 non
555 1795 634 1871 eget

369 1894 485 1958 Verum
506 1896 582 1956 haec
606 1895 725 1976 quidem
750 1897 905 1957 hactenus.
947 1893 1008 1956 scio
1035 1896 1130 1958 multa
1155 1895 1187 1956 in
1215 1893 1376 1975 Argonau-

264 1997 331 2059 ticis
354 2018 516 2080 superesse
538 2021 615 2080 quae
635 2002 768 2062 nondum
789 2000 951 2081 persanata
973 1998 1041 2075 sint,
1065 2000 1120 2060 sed
1141 2017 1229 2082 spero
1246 1999 1312 2061 fore
1331 2003 1376 2076 ut,

263 2103 378 2184 paratis
397 2104 574 2164 emendandi
598 2103 815 2178 instrumentis,
836 2102 987 2164 bominum
1009 2103 1164 2164 doctorum
1184 2102 1285 2166 studia
1304 2122 1375 2183 poe·

264 2211 315 2267 tac
341 2209 404 2269 tam
431 2208 483 2269 diu
509 2209 649 2287 neglecto
674 2209 851 2269 succurrant
879 2225 1007 2287 eumque
1037 2207 1084 2268 sui
1111 2207 1283 2270 similiorem
1306 2209 1375 2268 red-

264 2312 356 2372 dunto
375 2311 453 2392 quod
472 2311 498 2371 si
514 2312 570 2372 hac
583 2310 714 2372 editione
731 2309 858 2372 effecero
878 2313 910 2372 et
930 2328 1022 2371 unam
1037 2310 1202 2372 alteramve
1222 2310 1374 2374 coniectu·

264 2433 366 2476 rarum
386 2413 521 2476 mennam
543 2415 579 2475 iis
601 2435 695 2496 penes
716 2433 791 2495 quos
812 2414 858 2475 his
879 2414 917 2474 de
939 2415 1030 2484 rebus
1052 2413 1373 2497 iudiciumestproba·
1402 2481 1406 2489 ,

265 2537 356 2594 vero,
379 2519 453 2580 satis
474 2536 617 2598 magnum
640 2516 749 2579 laboris
769 2518 899 2598 pretium
921 2517 993 2580 mihi
1014 2518 1122 2579 tulisse
1144 2497 1275 2580 videbor.

337 2696 525 2760 .Scribcbam
542 2696 629 2758 Halis
645 2696 799 2758 Saxonum
819 2716 921 2758 mense
935 2697 1098 2761 Novembri
1114 2695 1374 2762 MDOCOLXHI.
