3086 4968
881 402 970 444 clm
990 403 1010 444 1.
1427 403 1498 446 xm

394 561 517 650 ferocia,
545 573 620 634 hanc
641 570 721 632 enim
742 570 906 632 insolenter
925 569 1108 648 gravitatem
1127 571 1219 649 poeta
1239 568 1332 645 dixit,
1358 571 1497 651 insequa-

397 681 446 740 tur
471 713 500 725 -
525 679 587 737 tum
609 675 694 749 alter,
713 673 792 754 quod
813 672 890 734 Iuno
910 691 979 733 oum
991 671 1137 733 Minerva
1150 673 1255 733 contra
1267 671 1398 738 Martem
1418 677 1499 754 facit,

402 783 463 842 tum
482 799 541 840 non
561 778 700 840 convenit
719 775 789 836 huic
807 777 881 852 loco,
902 776 938 835 ut
960 774 1032 855 quin
1053 776 1144 856 poeta
1163 774 1243 836 curis
1269 780 1409 842 secundis
1429 801 1499 843 eum

404 886 550 947 deleturus
568 880 657 942 luerit
676 878 779 940 nullus
799 879 942 940 dubitem.

500 986 536 1046 Iu
556 987 658 1046 octavo
679 981 770 1058 libro,
799 981 951 1042 sirenum
973 979 1013 1041 sit
1033 981 1113 1059 quod
1135 981 1269 1043 homines
1292 983 1371 1047 docti
1390 1005 1499 1066 posue·

406 1091 481 1166 runt,
502 1107 559 1149 non
577 1090 744 1166 temporum
765 1083 873 1146 iniuria
894 1083 1032 1146 carminis
1057 1083 1172 1144 exitum
1190 1086 1324 1164 periisse,
1344 1087 1376 1148 in
1393 1093 1499 1152 octauo

406 1191 495 1270 igilur
522 1191 592 1252 libro
620 1189 709 1268 plura
742 1206 813 1248 esse
838 1205 927 1266 qnam
960 1187 992 1247 iu
1017 1185 1138 1249 relicuis
1166 1207 1242 1268 quae
1266 1191 1499 1252 emendatricem

407 1297 508 1374 poetae
527 1311 641 1353 manum
657 1311 718 1354 non
740 1293 868 1373 experta
883 1291 950 1365 sint,
972 1307 1028 1368 per
1042 1308 1076 1348 se
1088 1290 1282 1371 intellegitur
1315 1296 1405 1375 atque
1421 1297 1500 1376 quod

406 1397 481 1458 inter
502 1401 559 1458 139
580 1399 612 1458 et
634 1399 697 1456 140
718 1394 820 1456 hiatus
844 1396 893 1454 est
917 1391 990 1452 nibil
1009 1411 1123 1469 moror,
1150 1413 1218 1455 oum
1239 1395 1427 1459 librariorum
1447 1417 1499 1459 ne·

406 1501 570 1580 glegeutiae
597 1499 623 1559 is
652 1499 845 1560 tribuendus·
860 1513 929 1556 esse
952 1495 1099 1556 videatur.
1143 1499 1372 1560 continebantur
1399 1504 1500 1563 autem

331 1599 338 1611 “
403 1604 439 1664 iis
460 1603 509 1683 qni
529 1601 741 1664 interciderunt
761 1599 900 1662 versibus
928 1597 1034 1658 eadem
1063 1598 1126 1660 fere
1156 1600 1188 1660 ni
1208 1600 1295 1661 fallor
1318 1621 1395 1681 quae
1420 1606 1501 1684 apud

402 1704 587 1785 Apollonium
607 1704 640 1767 A
662 1705 846 1765 ala—236
874 1701 1035 1776 babemus,
1062 1701 1189 1762 iussisse
1216 1701 1344 1765 Aeetam
1372 1706 1500 1768 classem

401 1809 512 1890 parari,
533 1825 606 1888 quae
627 1808 825 1868 ulcisceretur
843 1801 1038 1883 Argonautas
1060 1823 1227 1886 navemque
1247 1825 1349 1868 eorum
1371 1810 1500 1888 caperet

401 1913 525 1974 fortasse
546 1909 712 1991 Absyrtum
734 1911 862 1972 classem
885 1906 1043 1968 aedificare
1064 1909 1200 1989 coepisse
1223 1909 1356 1972 additum
1379 1911 1444 1986 luit,
1464 1913 1501 1973 ut

399 2017 437 2076 ad
463 2015 495 2075 id
521 2014 617 2074 relata
645 2012 738 2074 luerit
766 2013 862 2074 adhoc
888 2011 1049 2091 particula,
1076 2031 1136 2091 qua
1163 2011 1344 2094 interpretes
1371 2014 1501 2078 offensos

398 2137 466 2180 esse
488 2118 638 2190 videmus;
659 2135 788 2197 namque
809 2115 880 2176 dum
902 2113 1057 2196 Absyrtus
1078 2115 1109 2175 in
1130 2117 1257 2178 navibus
1279 2118 1432 2178 struendis
1453 2137 1501 2181 oo·

396 2225 523 2302 cupatus
545 2223 606 2295 est,
636 2221 734 2280 adhue
759 2221 858 2280 mater
884 2219 1022 2280 bracchia
1043 2218 1082 2278 ad
1104 2237 1215 2299 aequor
1237 2220 1385 2282 tendebat.
1427 2221 1502 2282 baec

394 2324 488 2404 igitur
507 2322 609 2398 mitto,
630 2324 686 2383 sed
706 2323 901 2384 vehementer
922 2321 1056 2382 offendor
1077 2321 1142 2381 eius
1164 2321 1215 2400 qui
1237 2321 1372 2402 sequitur
1394 2322 1502 2404 Idyiae

395 2426 542 2488 sermonis
561 2427 700 2486 versibus
725 2424 887 2498 extremis,
909 2424 1016 2505 quibus
1033 2423 1124 2484 filiam
1145 2429 1243 2484 mater
1263 2429 1402 2502 accusat,
1421 2427 1502 2506 quod

393 2531 432 2590 de
446 2529 568 2590 Iasonis
591 2547 692 2589 amore
714 2527 787 2588 nihil
810 2527 946 2588 confessa
968 2528 1022 2602 sit;
1046 2527 1126 2607 quod
1146 2527 1172 2588 si
1193 2528 1246 2590 illa
1266 2527 1390 2591 fecisset
1404 2531 1502 2612 ipsam

393 2637 447 2694 ant
470 2632 646 2694 effecturam
666 2632 775 2705 fuisse,
803 2633 838 2691 ut
860 2629 974 2691 Aeetes
1003 2629 1143 2691 Iasonem
1173 2649 1318 2710 generum
1346 2635 1502 2716 reciperet,

393 2739 447 2798 ant
477 2756 547 2798 eum
577 2735 687 2796 Medea
714 2735 808 2795 fuisse
837 2734 1008 2812 fugituram.
1046 2733 1175 2814 primum
1203 2735 1282 2795 enim
1309 2737 1341 2797 in
1363 2739 1502 2800 versibus

397 2843 460 2901 167
483 2842 517 2900 et
539 2843 601 2900 168
624 2858 693 2900 oum
713 2837 762 2898 hic
780 2837 820 2898 sit
841 2841 942 2898 rectus
964 2837 1125 2898 verborum
1145 2839 1233 2898 ordo:
1255 2841 1308 2900 aut
1329 2844 1411 2901 certe
1432 2847 1504 2904 tuno

395 2963 484 3004 omne
517 2944 603 3004 nefas
633 2959 788 3001 commune
823 2939 945 3016 fuisset,
977 2943 1139 3004 verborum
1166 2941 1319 3004 collocatio
1348 2964 1441 3024 supra
1468 2963 1504 3006 ao

393 3046 454 3105 dici
483 3048 586 3125 potest
614 3043 742 3104 difficilis
768 3043 815 3102 est
844 3045 877 3104 et
901 3044 1058 3124 impedita3
1091 3043 1198 3106 deinde
1221 3045 1396 3124 Wagnerns
1421 3050 1504 3108 recte

394 3148 551 3224 iudicauit,
574 3147 706 3226 ineptius
727 3143 781 3204 vix
802 3165 892 3225 posse
914 3147 1049 3226 cogitari,
1071 3165 1161 3226 quam
1175 3146 1295 3226 Idyiam
1315 3169 1383 3210 cum
1395 3149 1504 3210 Medea

394 3250 532 3312 voluisse
554 3250 709 3328 aufugere.
731 3283 774 3292 —-
797 3249 828 3309 in
850 3269 943 3311 versu
964 3253 1026 3312 174
1050 3267 1140 3329 quam
1159 3249 1316 3328 inelegans
1337 3254 1420 3312 esset
1441 3271 1503 3312 ser·

393 3354 493 3415 monis
520 3355 558 3414 ad
589 3352 728 3413 Medeam
763 3352 881 3413 aversio
909 3353 1125 3433 Peerlkampus
1160 3354 1272 3428 sensit,
1303 3353 1355 3432 qui
1385 3359 1505 3434 poetam

393 3457 556 3537 scripsisse
579 3455 751 3535 suspicatus
774 3458 821 3516 est
841 3455 893 3518 ceo
913 3459 994 3518 neoti
1007 3456 1117 3538 procul
1139 3458 1168 3516 et
1186 3475 1242 3518 aaa
1262 3454 1335 3534 soto
1353 3453 1505 3533 forobont3

266 3579 271 3584 ·
394 3578 487 3639 quarn
514 3559 718 3620 coniecturam
744 3559 878 3639 recipere
905 3577 966 3619 non
992 3559 1192 3636 dubitassem,
1210 3560 1277 3620 nisi
1298 3578 1366 3619 oum
1386 3559 1416 3619 in
1441 3563 1504 3622 toto

394 3663 521 3726 Valerio
549 3665 615 3722 tum
644 3663 674 3722 in
702 3664 758 3724 boo
778 3663 853 3724 libro
877 3663 1065 3744 potissimum
1094 3665 1191 3722 artem
1216 3661 1349 3723 criticam
1376 3684 1436 3725 non
1462 3665 1505 3726 ita

393 3785 504 3828 serere
527 3765 720 3826 iactitandam
741 3785 811 3856 esse
832 3767 946 3828 scirem.
968 3801 1013 3811 —-
1032 3766 1064 3826 in
1085 3783 1177 3825 versu
1201 3768 1264 3826 200
1281 3768 1422 3847 probiano
1437 3765 1505 3826 inde

392 3871 472 3932 ulios
482 3866 616 3948 flectunt
633 3889 773 3951 regesque
792 3871 926 3951 locosque
941 3869 1025 3930 ouius
1040 3867 1191 3928 sententia
1205 3872 1261 3944 est,
1283 3871 1322 3928 ad
1338 3869 1396 3930 alia
1410 3869 1510 3947 regna'

391 3971 546 4052 locosque,
565 3991 602 4034 ac
620 3992 689 4032 cum
705 3973 785 4033 irent
806 3972 837 4032 in
856 3970 1005 4048 Colchida,
1026 3971 1189 4032 redeuntes
1201 3970 1396 4049 Argonautas
1416 3970 1503 4031 naris

390 4093 517 4134 cursum
537 4073 676 4151 flexisse,
702 4075 734 4135 in
759 4075 816 4135 hoo
837 4075 931 4156 igitur
952 4095 1045 4136 versu
1066 4077 1101 4134 ut
1122 4095 1154 4137 oo
1175 4093 1337 4155 pronomen
1360 4072 1504 4134 omissum

390 4179 503 4256 poetae
537 4176 738 4253 condonetur,
766 4177 947 4259 praepositio
985 4176 1064 4259 quod
1100 4176 1187 4236 deest
1212 4175 1284 4236 vitio
1313 4173 1504 4236 tribuendum

389 4287 446 4342 est.
473 4317 511 4326 -
539 4281 579 4342 de
601 4283 750 4360 asyndcto
779 4281 810 4342 in
832 4301 860 4341 r.
885 4283 948 4341 250
975 4284 1007 4340 et
1033 4277 1191 4356 neugmate
1219 4276 1250 4336 in
1272 4297 1300 4338 v.
1322 4279 1386 4338 254
1410 4297 1503 4357 supra
