3086 4968
654 453 744 493 CAPUT
764 453 796 494 11.
1246 460 1276 501 m

167 617 210 678 cis
233 619 266 678 et
285 616 405 697 Amyci,
425 617 470 678 uti
493 616 622 679 strident
643 619 767 681 incudes
777 618 945 698 Aetnaeae,
966 622 1084 701 quando
1104 627 1176 706 apae,
1199 625 1274 688 Vul-

167 740 261 782 canus
283 740 400 802 nempe,
421 721 488 803 ipse
510 721 648 783 dominus
670 725 704 784 et
725 713 936 807 ἕργοδιώκτῃς
958 723 1091 787 officinas
1107 726 1274 809 Cyclopum

167 843 291 886 suorum
316 824 421 886 invisit
450 827 482 888 et
511 843 604 906 opera
632 844 736 886 eorum
762 825 882 907 inspicit
903 827 1006 904 (notat)
1036 831 1068 888 et
1095 828 1138 888 illi
1160 830 1273 910 primas

166 945 284 988 massas
314 929 346 988 in
378 930 509 991 fulminis
544 929 673 1009 figuram
707 930 876 1008 procudunt
907 919 1141 1013 (proacbr'yaat).'
1175 951 1273 1012 neque

165 1033 268 1092 tamen
289 1032 346 1093 hac
367 1033 567 1113 explicatione
587 1032 748 1092 verborum
768 1032 888 1093 illorum
910 1033 1100 1094 difficultates
1113 1036 1273 1115 expeditae

166 1136 246 1195 sunt.
281 1135 410 1215 primum
432 1136 511 1196 enim
530 1153 590 1196 non
610 1133 748 1194 inmerito
770 1131 961 1195 Burmannus
983 1137 1145 1211 dubitavit,
1172 1143 1274 1204 notare

162 1253 273 1300 ‘munuc
290 1257 363 1299 num
385 1239 477 1301 latine
498 1237 611 1298 dictum
631 1237 721 1297 esset.
752 1236 860 1297 deinde
881 1255 942 1297 non
964 1238 990 1298 is
1012 1239 1060 1300 ost
1080 1258 1144 1321 epae
1164 1260 1272 1321 prono·

165 1341 256 1401 minis
275 1360 359 1416 usus,
377 1345 412 1403 ut
431 1342 482 1403 hic
503 1361 539 1402 eo
553 1339 709 1401 Vulcanus
731 1338 893 1417 significari
913 1343 1054 1421 potuerit
1090 1342 1181 1422 longe
1194 1344 1274 1406 enim

165 1443 255 1504 aliter
275 1447 466 1524 comparatus
494 1447 542 1505 est
569 1443 637 1504 libri
659 1441 740 1503 sexti
760 1461 869 1503 versus
891 1446 941 1522 57,
959 1445 1011 1506 ubi
1033 1447 1097 1529 ipse
1118 1449 1166 1508 est
1188 1445 1274 1511 Cela·

163 1566 231 1623 xes,
256 1548 288 1608 et
309 1548 398 1627 paulo
418 1551 488 1609 ante
510 1545 681 1608 nominatus
700 1547 733 1605 et
750 1545 906 1626 oppositus
927 1549 1012 1627 quasi
1032 1550 1176 1612 militibus
1201 1552 1273 1614 suis.

164 1668 264 1729 neque
293 1650 361 1710 libri
394 1649 514 1729 septimi
540 1668 635 1710 versu
671 1651 733 1708 213
765 1648 810 1708 uti
845 1651 989 1730 poterunt
1016 1652 1068 1731 qui
1098 1652 1273 1716 Carrionem

164 1753 326 1828 secuntur,
355 1771 424 1812 eum
443 1751 484 1812 ibi
505 1754 572 1833 apua
594 1751 634 1812 sit
655 1748 781 1826 Medea,
803 1769 880 1832 quae
899 1752 930 1813 in
950 1753 1002 1814 illa
1025 1755 1164 1818 carminis
1186 1760 1275 1838 parte

163 1856 277 1936 primas
305 1856 340 1916 ut
363 1855 407 1915 ita
435 1853 532 1914 dicam
559 1855 662 1934 partes
690 1853 761 1931 agit
795 1855 842 1916 his
874 1856 966 1934 eddo,
990 1857 1068 1935 quod
1090 1857 1170 1919 idem
1192 1860 1276 1922 valet

163 1961 269 2021 contra
298 1955 439 2020 Vaticani
470 1959 502 2018 e't
533 1956 713 2018 relicuorum
742 1956 885 2017 librorum
920 1957 1112 2038 scripturam,
1142 1961 1274 2041 pessime

159 2081 270 2124 sonare
292 2066 327 2124 ut
345 2081 413 2122 cam
434 2057 585 2140 artificum
605 2078 697 2121 voces
715 2077 785 2120 sese
804 2059 999 2142 excipientes,
1021 2062 1140 2124 etiamsi
1153 2064 1185 2124 in
1199 2065 1275 2126 duos

160 2185 272 2226 uersus
295 2164 474 2225 distributae
506 2169 584 2222 sunt
628 2181 705 2242 quae
737 2182 804 2223 oum
830 2163 874 2222 ita
896 2165 1000 2222 essent
1022 2165 1055 2224 et
1077 2185 1145 2226 curn
1166 2185 1183 2226 e
1205 2186 1274 2228 con·

159 2268 282 2330 iecturis
311 2268 348 2328 ab
370 2264 496 2326 Heinsio
518 2268 550 2325 et
579 2263 750 2326 Burmanno
774 2263 899 2344 prolatis
930 2265 1013 2326 nulla
1038 2267 1186 2346 placeret,
1215 2270 1275 2331 alia

160 2372 211 2432 via
232 2389 344 2431 versus
365 2369 455 2432 huius
477 2367 656 2429 emendandi
679 2367 851 2448 quaerenda
874 2372 947 2430 erat.
983 2371 1074 2447 atque
1102 2371 1181 2450 quod
1200 2374 1274 2434 urti-

152 2474 214 2554 fee
247 2474 436 2536 substantivo
464 2471 607 2533 adiectivi
636 2473 701 2532 loco
730 2475 851 2552 poetam
878 2491 967 2532 nsum
990 2490 1058 2532 esse
1083 2473 1212 2554 sumpsi,
1242 2472 1273 2534 id

160 2577 206 2638 his
238 2577 386 2656 exemplis
422 2575 608 2637 defenditur:
643 2573 674 2634 V
698 2575 760 2632 144
788 2593 895 2638 monas
920 2578 1054 2638 creatrice
1080 2577 1113 2635 ct
1132 2575 1180 2636 VI
1208 2579 1272 2638 464

159 2679 287 2760 amfleat
305 2679 437 2759 formae.
475 2680 514 2741 de
541 2676 662 2741 rotandi
688 2676 780 2736 verbo
808 2676 868 2737 iam
898 2677 970 2740 Pius
998 2677 1158 2757 cogitavit,
1186 2677 1271 2740 euius

159 2784 382 2846 adnotationem
403 2783 434 2842 in
448 2780 614 2842 Burmanni
636 2778 767 2839 editione
788 2781 948 2861 repetitam
970 2782 1071 2842 adeas.
1109 2800 1201 2862 usqae
1220 2781 1272 2842 ud-

158 2889 263 2949 verbio
283 2906 345 2946 non
364 2905 434 2946 raro
455 2887 547 2965 poeta
567 2903 642 2944 usus
666 2885 722 2958 est,
743 2882 838 2942 veluti
859 2881 924 2943 VII
946 2887 974 2959 9,
998 2883 1050 2962 qui
1071 2884 1156 2944 locus
1178 2885 1270 2966 aptis·

159 2990 234 3050 sime
257 2989 408 3050 confertur
435 3007 503 3048 cum
530 3005 566 3047 eo
597 2987 635 3046 de
658 3005 715 3065 quo
739 3003 820 3045 nunc
851 2984 969 3063 agitur,
998 2988 1068 3065 quia
1089 2986 1130 3048 ibi
1152 3007 1270 3068 quoque

154 3093 288 3174 percipit
309 3093 341 3152 et
362 3111 455 3172 usquc
473 3109 565 3152 voees
585 3089 709 3150 iunctim
730 3088 846 3169 positae
862 3091 941 3149 sunt.
955 3123 998 3133 -
1019 3090 1050 3151 V
1067 3094 1117 3164 11,
1134 3089 1186 3150 ubi
1201 3094 1272 3171 post

149 3193 264 3271 fronde
285 3193 386 3253 hiatus
407 3196 456 3254 est
475 3193 505 3253 in
528 3191 691 3269 Vaticano,
721 3193 810 3273 copul
838 3191 917 3270 quod
937 3190 1025 3252 Italis
1055 3191 1182 3252 debetur
1209 3211 1271 3255 non

158 3295 294 3357 dubitavi
308 3296 458 3376 recipere3
479 3293 511 3355 id
533 3296 612 3356 enim
626 3292 783 3354 Valerium
804 3293 925 3355 dedisse
938 3313 993 3374 pro
1010 3298 1093 3355 certo
1107 3295 1179 3356 lieet
1192 3295 1270 3357 affir-

158 3417 249 3459 mare.
274 3431 311 3442 -
336 3399 367 3459 V
394 3402 433 3460 72
455 3400 527 3479 post
553 3395 656 3459 redens
678 3412 739 3454 una
764 3412 829 3455 vox
851 3396 948 3477 periit
985 3414 1061 3477 quae
1080 3395 1187 3457 lacuna
1211 3415 1270 3478 quo

158 3498 246 3560 modo
281 3499 476 3579 probabiliter
513 3499 689 3580 expleretur
716 3516 784 3557 cum
814 3517 874 3558 non
904 3498 1105 3575 invenissem,
1141 3500 1272 3580 spatium

159 3603 330 3683 relinquere
348 3603 422 3664 iussi
444 3604 641 3684 typothetam.
682 3619 861 3680 quamquam
885 3599 964 3677 quod
987 3599 1057 3662 Itali
1077 3603 1271 3669 inseruerunt

153 3704 295 3787 placidas
313 3708 438 3787 propter
450 3705 528 3786 Lyci
548 3704 782 3785 hospitalitatem
795 3722 855 3764 non
869 3701 1015 3782 displicet
1051 3707 1156 3768 contra
1168 3711 1270 3771 trr'eter

159 3807 238 3888 quod
254 3808 285 3868 in
303 3806 455 3871 (terrionis
477 3808 553 3868 libro
576 3809 645 3888 post
659 3807 761 3870 cedens
773 3805 932 3885 legebatur
946 3804 1084 3885 displicet
1103 3827 1192 3890 quam
1206 3827 1268 3870 ma·

158 3909 256 3984 xime;
287 3910 392 3973 eadem
420 3911 499 3971 enim
520 3929 583 3972 uox
605 3909 684 3971 redit
713 3909 744 3970 in
766 3927 860 3970 versu
888 3907 940 3986 qui
962 3910 1098 3988 proxime
1121 3911 1266 3990 sequitur.

158 4015 293 4074 ceterum
315 4014 385 4075 talis
404 4013 591 4092 significatus
612 4031 718 4074 vocem
739 4009 927 4072 intercidisse
949 4029 1040 4090 quam
1058 4011 1198 4093 proclivis
1227 4011 1268 4074 sit

160 4113 304 4194 suspitio,
326 4115 436 4176 oodiois
456 4115 535 4194 regii
556 4115 727 4178 testimonio
749 4115 893 4197 probatur
913 4114 992 4194 quod
1009 4115 1057 4175 est
1072 4117 1206 4176 moestae.
1230 4149 1265 4164 -

159 4213 190 4276 V
213 4219 275 4276 197
297 4217 456 4299 plectiles,
485 4218 518 4277 in
541 4218 646 4279 eodem
673 4217 880 4278 librante?
907 4217 1011 4296 inpare
1034 4235 1053 4276 e
1073 4216 1175 4278 codice
1196 4215 1269 4281 Oar-

160 4317 254 4379 rionis
290 4319 399 4401 recepi.
433 4323 498 4380 410
526 4322 559 4382 et
587 4322 651 4380 440
682 4339 741 4402 per
777 4315 1028 4399 praepositionem
1061 4317 1092 4379 in
1120 4319 1268 4383 Vaticano

1010 4417 1052 4468 d*
