3086 4968
654 443 743 482 CAPUT
764 445 783 483 1.
1218 445 1271 486 111

159 609 318 690 sed'quod
342 609 413 690 quid
435 610 492 672 sibi
513 609 609 684 vellet
629 610 805 690 intellegere
828 608 900 670 mihi
918 610 1049 673 videbar.
1086 611 1169 693 eupit
1190 613 1269 674 enim

158 711 272 776 Medea
299 717 362 775 taur
391 714 494 776 statim
523 715 555 774 et
583 712 722 774 continuo
751 715 822 793 post
849 713 1009 775 draconem
1031 714 1068 775 ab
1089 713 1199 778 Iasone
1221 737 1270 778 eu·

159 820 300 900 peratum
320 817 412 895 mori,
439 821 475 880 ut
495 817 575 878 inter
596 815 692 896 ipsius
720 818 753 877 et
771 815 851 876 illius
873 819 1000 878 mortem
1018 817 1092 879 nihil
1109 820 1173 880 lere
1194 823 1270 882 tem-

159 921 243 1002 poris
271 919 397 981 intersit.
415 953 457 964 -
477 918 542 980 VII
563 921 626 981 546
655 938 729 982 ausu
759 938 814 1000 pro
841 921 930 996 aulo,
959 937 1035 999 quae
1059 925 1108 983 est
1130 923 1271 988 Vaticani

159 1020 327 1105 scripture,
359 1042 376 1082 e
414 1021 515 1084 codice
546 1021 698 1084 Carrionis
730 1025 761 1083 et
797 1023 927 1084 editione
956 1023 1139 1086 Bononiensi
1173 1027 1269 1106 posui

159 1127 334 1214 significant
368 1127 470 1186 autem
502 1143 594 1185 voces
620 1145 744 1209 spesque
773 1126 891 1189 addedd
917 1147 1008 1204 cusu,
1037 1127 1178 1189 Iasonem
1213 1149 1269 1211 spe

158 1229 283 1292 velleris
304 1228 389 1290 aurei
414 1228 552 1309 potiundi
578 1229 785 1292 audentiorem
805 1231 917 1291 factum
938 1249 1007 1291 esse
1030 1231 1062 1290 et
1083 1230 1122 1290 ad
1141 1249 1268 1311 magnas

158 1352 209 1394 res
230 1331 438 1414 suscipiendas
458 1329 682 1393 inflammatum
713 1331 887 1394 Heinsianie
908 1332 1087 1393 coniecturis
1101 1335 1195 1396 verba
1208 1354 1270 1398 non

158 1439 261 1517 egent
284 1471 329 1482 -
351 1455 369 1496 e
391 1435 467 1496 libro
500 1435 606 1495 octavo
636 1434 674 1494 de
698 1437 814 1518 tmpus
840 1453 914 1497 vocs
942 1436 1059 1498 duobus
1088 1436 1162 1498 locis
1188 1437 1268 1500 inso-

156 1541 257 1602 lenter
291 1538 391 1620 poeita
420 1535 602 1597 monendum
635 1535 762 1599 videtur.
803 1559 832 1600 v.
855 1542 916 1600 163
945 1539 1024 1600 enirn
1048 1542 1181 1622 temporo
1208 1561 1270 1604 non

157 1645 288 1726 possunt
306 1661 367 1703 non
389 1641 469 1702 diota
489 1658 559 1700 esse
576 1659 631 1720 pro
654 1641 760 1702 diebus
782 1639 917 1704 laetitiae
939 1643 970 1702 et
984 1641 1143 1704 hilaritatis
1161 1644 1269 1725 plenis,

156 1746 240 1828 quod
252 1745 444 1806 Burmannus
465 1744 526 1804 iam
546 1743 712 1822 intellexit,
735 1747 767 1806 et
779 1764 808 1807 v.
827 1748 889 1806 393
903 1744 937 1807 id
956 1748 1072 1828 tempus
1087 1749 1166 1810 enim
1177 1767 1269 1811 voces

156 1848 343 1929 significant:
365 1849 396 1909 id
418 1847 498 1909 enim
518 1846 617 1906 faeere
642 1846 790 1909 Iasonem.

256 1950 315 2010 His
340 1951 478 2012 insolitae
508 1949 683 2012 elocutionis
709 1952 860 2032 ,exemplis
883 1971 992 2014 versus
1020 1950 1135 2032 aliquos
1165 1953 1268 2014 adiun-

157 2071 244 2133 gam,
274 2072 402 2133 quorum
429 2053 580 2115 sententia
608 2055 733 2132 propter
760 2053 953 2114 artificiosum
975 2054 1007 2113 et
1026 2052 1206 2133 perplexum
1225 2055 1268 2117 di·

156 2156 246 2217 cendi
271 2175 370 2236 genus
398 2157 525 2218 obscura
547 2158 602 2216 est
634 2154 761 2215 velutiI
778 2158 839 2216 265
857 2177 900 2237 sq.
916 2155 1057 2217 Valerius
1078 2155 1170 2218 Pelea
1194 2158 1268 2220 deos

156 2262 332 2341 precantem
353 2260 438 2336 fecit,
468 2263 504 2321 ut
524 2259 623 2339 ipsum
643 2258 674 2320 in
696 2258 804 2319 itinere
825 2260 949 2321 mallent
970 2260 1084 2340 perire,
1114 2280 1204 2340 qnam
1224 2263 1268 2323 ita

156 2363 285 2438 reverti,
312 2366 347 2423 nt
366 2363 500 2426 Achilles
530 2363 562 2424 in
586 2361 666 2423 vivis
696 2381 757 2423 non
785 2365 875 2423 esset.
915 2361 953 2425 ad
979 2363 1009 2422 id
1040 2360 1268 2439 significandum

56 2485 65 2496 ·
156 2471 248 2551 poete
272 2467 319 2528 his
342 2467 443 2527 verbis
464 2486 538 2528 usus
561 2468 622 2526 est:
641 2458 772 2548 ‘placido
791 2468 822 2527 si
840 2486 962 2528 currere
973 2463 1076 2546 fluctu
1098 2465 1188 2528 Peleu
1205 2469 1269 2530 oul-

102 2595 106 2610 ·
155 2559 210 2635 or'
229 2573 273 2633 ad
296 2564 461 2651 ‘certosque
485 2573 587 2650 optare
605 2566 754 2646 feretrios,
781 2569 852 2646 doc,
883 2571 1001 2650 superi,
1028 2571 1142 2630 secate
1162 2558 1267 2651 capot.³

155 2691 228 2732 nam
249 2673 364 2754 placeto
395 2671 475 2752 quod
496 2669 641 2732 Heinsius
669 2689 709 2730 ex
734 2670 846 2732 Aldina
871 2672 1011 2752 probavit
1033 2670 1118 2732 nihili
1145 2676 1200 2733 est.
1223 2707 1268 2718 -

156 2774 174 2836 I
196 2777 258 2836 758
281 2773 400 2852 Aeson,
421 2777 525 2835 contra
542 2773 655 2834 Peliam
675 2777 777 2834 uuum
799 2773 865 2854 ipse
887 2793 972 2836 arma
993 2773 1093 2854 capiat
1114 2792 1153 2834 an
1172 2795 1266 2856 popu-

154 2877 219 2938 lum
248 2877 377 2955 excitet,
407 2877 548 2937 dubitans
575 2875 656 2937 leoni
684 2879 874 2956 comparatus
898 2879 960 2952 est,
990 2877 1041 2957 qui
1064 2878 1161 2958 capite
1184 2879 1266 2940 humi

155 2981 303 3062 depresso
330 2981 466 3058 rictuque
493 2981 598 3059 aperto
619 2979 834 3060 circumspicit,
866 2999 1025 3058 quemnam
1049 2980 1180 3042 hostium
1204 2983 1266 3062 pri-

154 3103 237 3144 mum
270 3084 473 3171 adgrediatur.
512 3083 603 3161 atque
637 3081 732 3142 rictus
761 3083 894 3162 apertus·
914 3082 1022 3160 quibus
1049 3083 1266 3165 depingeretur

154 3186 230 3247 haec
251 3186 352 3266 posita
372 3189 457 3247 sunt:
478 3187 614 3266 metuque
632 3203 725 3266 peace
743 3188 772 3245 et
792 3184 909 3246 lomim
926 3187 1036 3265 presse
1054 3185 1072 3246 i.
1088 3205 1112 3247 e.
1128 3187 1175 3248 leo
1188 3188 1267 3249 rictu

155 3290 261 3368 aperto
283 3287 397 3366 effecit,
423 3291 458 3350 ut
486 3306 584 3367 genae
605 3286 855 3348 contraherentur
876 3290 908 3348 et
928 3287 1090 3368 palpebrae
1111 3289 1268 3368 paululum

155 3393 375 3454 clauderentur.
414 3407 492 3470 quae
513 3392 607 3451 verba
628 3388 651 3450 Ι.
673 3386 817 3451 Columbo
836 3391 868 3450 et
883 3388 1039 3468 Wagnero
1062 3392 1124 3450 tam
1140 3392 1268 3456 obseura

154 3496 350 3570 videbantur,
387 3497 424 3555 ut
451 3496 619 3574 ramumque
646 3509 766 3572 gemmus
792 3493 821 3552 et
856 3491 972 3554 lumea
1003 3495 1116 3573 pressit
1152 3496 1266 3557 conice-

154 3601 230 3660 rent
253 3631 297 3641 —-
320 3596 445 3658 Iv130
466 3613 578 3674 magua
607 3597 656 3654 est
684 3592 763 3653 inter
784 3589 937 3654 Carrionis
957 3595 1068 3656 librum
1091 3600 1124 3658 et
1145 3597 1267 3661 Vatica-

154 3720 227 3762 num
249 3700 427 3775 diversitas,
458 3718 526 3759 curn
547 3698 595 3758 hio
616 3695 764 3776 exhibeat¹
782 3715 867 3776 repes
889 3717 996 3779 premo
1022 3698 1097 3763 dure
1118 3704 1267 3784 secundos,

154 3803 205 3864 ille
225 3821 312 3884 repes
340 3801 469 3866 doliture
492 3801 641 3864 secundos.
679 3797 858 3877 scripturam
881 3817 957 3878 quae
978 3800 1009 3860 in
1030 3803 1058 3866 G
1076 3807 1126 3865 est
1145 3809 1279 3885 praeter·

155 3904 332 3968 Carrionem
356 3905 455 3984 ipsum
468 3924 571 3980 ‘nemo
599 3900 747 3975 defendit3
776 3919 846 3962 nem
866 3897 1080 3980 Argonautae,
1107 3905 1215 3967 Pollux
1236 3907 1268 3969 in

154 4009 259 4092 primis
287 4013 321 4069 et
341 4004 451 4068 Castor
471 4005 554 4068 Iovis
577 4003 648 4080 filii,
674 4021 765 4082 reges
792 4006 864 4084 post
882 4002 1034 4085 Amycum
1064 4007 1188 4068 secundi
1206 4027 1267 4069 non

155 4115 285 4194 possunt
315 4111 391 4186 diei,
420 4115 518 4189 neque
544 4107 690 4171 secundus
715 4105 912 4182 adiectivum,
939 4107 991 4168 ubi
1012 4107 1092 4168 idem
1117 4108 1269 4187 signifieat

156 4217 235 4296 quod
247 4214 353 4295 felia,
373 4211 518 4272 vocabulo
541 4209 716 4290 adiungitur
736 4229 795 4290 quo
813 4226 944 4289 persona
963 4211 1093 4272 notatur.
1129 4212 1184 4273 sed
1205 4214 1268 4277 Va·

155 4319 244 4380 tioani
267 4333 388 4396 quoque
409 4313 552 4374 memoria
573 4331 718 4393 perquam
740 4313 868 4374 obscura
888 4313 943 4371 est
981 4308 1152 4394 adloquitur
1166 4319 1268 4378 autem

1005 4411 1042 4461 b!
