3072 4974
513 421 733 462 Annonnvulcou
762 421 848 460 LIBER
863 419 927 458 v111.
1012 465 1014 469 ι

256 576 328 636 urbs
351 575 443 635 etiem
467 590 539 634 mox
557 573 622 634 toto
643 571 715 649 coit,
737 571 821 634 volet
842 571 910 651 ipse
930 573 1070 636 senectus
1103 619 1113 638 ,

220 701 222 706 ·
256 678 411 746 immemor
433 674 563 751 Aeetes,
585 675 772 755 complentur
792 674 881 736 litore
902 673 981 737 bello

252 779 448 859 nequiquem5
469 777 548 856 fugit
568 777 701 842 inmissis
724 795 794 840 nem
816 776 928 858 puppis
949 775 1081 836 habenis.

318 911 418 973 Meter
440 910 537 971 edhuo
557 911 662 972 umbus
684 911 828 973 tendebat
849 909 880 970 in
901 925 1033 988 aequore
1054 908 1170 988 palmes
1211 911 1278 969 mo

256 1017 289 1076 et
311 1032 395 1075 soror
416 1014 507 1094 etque
529 1031 632 1076 omnes
652 1013 729 1076 elice
748 1015 920 1091 matresque
939 1031 1093 1091 nurusque

253 1115 411 1179 Colchides
435 1117 637 1197 aequalesque
659 1117 729 1193 tibi,
749 1116 874 1191 Medea,
893 1115 1020 1196 puellae.

173 1285 175 1290 ,
252 1223 339 1282 extet
359 1221 423 1282 sola
446 1237 557 1300 parens
577 1219 741 1301 impletqw
762 1219 927 1281 ululatibus
950 1236 1047 1278 eures.

247 1316 335 1385 ‘siste
355 1322 474 1402 fugem,
496 1323 595 1385 medio
618 1323 699 1384 refer
722 1321 781 1384 huc
800 1341 841 1383 ex
866 1339 996 1401 aequore
1016 1339 1182 1401 puppem*

251 1428 337 1502 nete,
359 1427 454 1506 potes.
474 1417 543 1504 quo'
566 1426 676 1488 clamet
692 1417 791 1488 ‘ebisi
810 1425 858 1487 hic
877 1425 967 1486 turbe
987 1425 1108 1484 tuorum
1209 1426 1273 1485 145

254 1529 351 1591 omnis
372 1530 404 1588 et
422 1527 518 1590 iratus
540 1529 672 1590 nondum
692 1531 795 1610 puter3
815 1530 890 1590 haec
909 1529 964 1590 tnn
983 1527 1074 1590 tellus
1183 1539 1186 1548 ’

253 1633 441 1714 sceptraque.
462 1629 535 1711 quid
557 1631 647 1692 terris
669 1632 765 1694 solem
785 1633 818 1692 te
839 1630 938 1692 credis
956 1627 1107 1692 Achaeis?

164 1737 165 1743 ’
252 1734 320 1813 quie
342 1735 426 1795 locus
450 1732 589 1795 Inachios
611 1733 690 1795 inter
711 1733 781 1809 tibi,
802 1733 945 1807 barbaro,
965 1733 1070 1793 notes?

165 2017 412 2078 emancipatiotiones
435 2024 528 2076 tamen,
554 2019 674 2070 codicibus
693 2020 794 2072 sedecim
811 2033 896 2068 versuo
912 2018 1034 2078 reppetit,
1059 2029 1119 2078 quor
1137 2022 1160 2062 ot
1175 2015 1228 2075 spec
1246 2019 1269 2060 et

164 2104 306 2164 omnesqui
327 2103 452 2152 Valerium
470 2103 598 2152 ediderunt
621 2105 719 2164 spurici
742 2104 893 2161 babuerunt,
917 2117 981 2150 uncio
1005 2099 1199 2150 Weicdertuein
1217 2099 1268 2146 dir-

163 2195 222 2237 ecrt.
241 2191 270 2236 de
292 2203 354 2237 vero.
376 2189 451 2248 aliqu.
474 2188 499 2236 0.
520 2187 574 2238 Vo.
591 2189 630 2237 1u.
651 2191 696 2239 ini.
710 2205 776 2250 cusp.
788 2203 815 2250 p.
832 2192 881 2238 133
895 2201 948 2248 sqq.
960 2195 1018 2248 poet
1036 2203 1058 2236 e.
1076 2189 1124 2236 139
1142 2184 1268 2233 collocutor

158 2281 245 2335 poetae
262 2274 402 2324 vindicavit.
423 2281 481 2322 cunt
499 2281 578 2322 autem
596 2275 639 2324 bi:

369 2371 468 2421 Occidit
484 2373 589 2432 Aeetes,
607 2387 667 2421 caeu
685 2371 816 2436 perculsus
834 2372 934 2436 uuerbe,

335 2456 435 2506 Stratus
451 2457 529 2508 humi.
565 2455 643 2508 (inrue
660 2457 776 2520 relegens
793 2457 903 2522 vestigia
921 2459 994 2507 news

333 2542 385 2593 Dot
404 2543 526 2605 gemitus:
542 2543 716 2610 lacrymasque
734 2543 810 2596 simul
829 2558 951 2608 sepesque
969 2540 1090 2595 resorbet.

333 2627 392 2678 Heu
413 2627 500 2678 miser!
518 2628 634 2678 attollens
651 2629 777 2680 foedatum
796 2629 900 2692 pulvere
918 2627 1019 2680 tandem

332 2713 466 2764 Ounicicm.
485 2717 618 2778 poterusne
638 2717 682 2763 tuo
700 2713 816 2764 nocuisse
834 2715 935 2779 parenti

331 2797 413 2859 Filia,
432 2797 488 2847 sola
504 2814 573 2849 meae
591 2815 649 2862 spes
668 2815 719 2848 non
736 2797 843 2864 indigna
859 2803 988 2851 senectae?

331 2881 437 2934 Duceris
455 2899 470 2933 a
488 2883 581 2951 Minyis
598 2884 698 2934 furtim:
716 2883 832 2950 dulcique
850 2883 947 2934 carebis

331 2968 467 3033 Coniugio,
485 2969 552 3018 lecte
569 2973 596 3018 et
611 2983 746 3035 numquam
762 2969 889 3034 praedone
906 2969 1007 3020 marito.
1030 3005 1038 3014 .

330 3053 542 3116 uiolatorum,
562 3054 685 3121 Absyrto,
705 3058 777 3115 tuue3
798 3069 916 3106 revocem
933 3069 1046 3104 sororem
1106 3097 1111 3118 ‚

331 3138 448 3204 Vndique
468 3139 584 3188 selectum
604 3140 709 3204 pubem:
728 3139 780 3190 iem
798 3141 877 3191 classe
895 3144 984 3206 purete

330 3224 366 3273 Et
385 3229 471 3272 nostro
490 3223 522 3273 do
540 3223 595 3274 veln
614 3224 686 3274 mori.
724 3224 789 3275 Tum
805 3224 848 3274 ille
863 3225 974 3290 impiger
992 3240 1065 3274 omen

330 3309 444 3374 Accipit:
460 3313 485 3358 et
507 3309 594 3372 magni
611 3309 689 3359 subiit
705 3310 824 3361 mandatu
839 3311 961 3375 parentis.

329 3394 430 3446 Interea
447 3394 503 3446 velo
522 3395 647 3460 tenueque
665 3394 781 3446 feriuntur
797 3396 825 3446 in
843 3395 921 3446 ultum

328 3478 450 3532 Certatim
468 3481 582 3548 Minyae:
599 3480 678 3532 solere
694 3481 825 3547 Neptunia
842 3481 928 3548 proles

330 3563 458 3628 Consulit,
477 3569 506 3618 ut
524 3566 600 3616 dubio
619 3571 724 3616 ecvcont
741 3567 892 3618 contendere
909 3582 1012 3618 cursu2,

328 3649 364 3700 Et
382 3667 500 3712 securus,
520 3651 570 3714 uit,
588 3651 662 3702 nobis
680 3655 705 3702 et
722 3651 801 3701 tutior
818 3652 889 3702 letor.

158 3753 206 3798 136
228 3749 323 3800 effluxit
338 3753 413 3810 Pius,
436 3750 548 3814 insurgit
564 3752 623 3800 Aia.
642 3751 835 3815 Zimrlinpiuo,
852 3749 1061 3800 hunc-inflexit
1079 3751 1199 3800 Bmtltiuc
1215 3751 1258 3799 ad-

155 3842 217 3884 vers.
238 3834 301 3885 XIV
328 3841 358 3900 6,
393 3835 498 3887 adduxit
516 3839 554 3888 eei
577 3835 670 3886 effulsit
692 3839 730 3886 eei
754 3851 786 3886 en
812 3835 884 3886 fuisit
899 3840 937 3886 ecl
962 3851 993 3886 en
1016 3834 1108 3886 vindex
1129 3836 1259 3894 Emoriar,

156 3935 183 3970 se
199 3919 279 3970 erexit
293 3923 465 3979 neumenia,
486 3936 517 3970 en
534 3920 605 3970 flexit
621 3924 766 3982 Helenus,
784 3921 888 3972 incessit
907 3924 1043 3988 Wapnorua
1112 3925 1161 3972 13‘1
1180 3919 1258 3971 Urbis

155 4008 218 4056 Bon.
306 4007 364 4071 ipsa
381 4009 415 4056 11
429 4006 495 4072 (ipse
513 4023 576 4058 corr.
594 4005 629 4072 m)
716 4010 909 4069 1333313111,
930 4012 1000 4058 oeteo
1018 4023 1059 4061 rm
1139 4009 1188 4056 133
1206 4006 1259 4056 Ne·

156 4089 288 4154 quicquum
306 4093 353 4144 Ην
456 4090 576 4142 immissio
594 4093 642 4144 Μν
739 4095 864 4144 adientior
884 4095 1018 4144 Weicberto
1034 4095 1090 4154 qui,
1109 4107 1162 4142 cum
1176 4089 1259 4142 cunm

151 4177 277 4252 pmticcda
292 4193 314 4225 e.
336 4181 384 4227 140
400 4191 461 4226 neus
478 4185 540 4226 cenot
554 4185 643 4239 poeta,
653 4185 713 4238 poet
732 4182 780 4228 133
799 4182 915 4239 quaedam
930 4180 1085 4228 imecidiere
1103 4178 1175 4226 dicit.
1195 4178 1258 4226 ceri-

151 4269 259 4321 pcorunt
285 4270 364 4310 autem
384 4278 433 4323 pro
460 4261 541 4312 adhue
568 4265 726 4312 Burrnunnuo
751 4261 783 4312 od
811 4265 873 4324 hoc,
914 4265 1050 4328 Wuqnemo
1078 4261 1110 4312 ed
1134 4262 1196 4312 huec
1220 4264 1257 4312 eci

156 4344 229 4410 idyio
301 4351 350 4396 144
368 4345 429 4409 iugc
448 4347 481 4395 M
547 4351 595 4398 145
615 4348 683 4398 Note
700 4348 734 4398 M
748 4347 827 4412 (Nutu
844 4363 908 4398 corr.
927 4348 961 4414 m)
