3132 4968
574 405 794 446 Anmnnvnloon
816 407 900 446 naen
915 407 946 446 11.

291 557 511 640 praecipueque
534 557 618 620 dueis
640 577 728 620 essue
749 556 857 620 mirata
876 557 1001 638 requirit

291 661 482 744 Hypsipyle,
503 679 581 742 qnae
603 661 666 724 fata
687 661 824 736 trahant,
838 679 922 741 quae
941 660 1121 740 regisagat
1142 660 1198 735 ris,

212 761 215 770 ’
291 768 345 826 aut
366 763 446 827 unde
463 762 649 826 Haemoniae
671 764 780 824 molem
800 763 890 826 ratis:
912 763 1002 826 unius
1022 764 1129 826 haeret

291 867 429 948 adloquio
452 870 484 927 et
504 865 630 930 blandos
652 865 797 948 paulatim
819 865 933 945 colligit
952 865 1041 946 ignes

291 972 352 1034 iam
373 991 433 1032 nen
455 969 622 1032 duraturis
645 969 760 1030 Veneri
778 989 834 1030 nee
855 967 955 1050 iniqua
976 989 1126 1032 reversae.
1247 973 1309 1031 355

291 1077 323 1134 et
342 1075 420 1136 deus
442 1074 507 1156 ipse
529 1093 629 1135 moras
652 1072 840 1152 spatiumque
862 1070 1001 1152 indulget
1021 1073 1122 1134 amori.

291 1177 394 1238 Pliada
415 1176 485 1256 lege
507 1175 568 1256 poli
589 1175 724 1238 nimbose
746 1177 883 1240 moverat
904 1178 985 1236 astro

291 1279 428 1362 Iuppiter
449 1282 605 1340 aeternum
621 1278 748 1341 volvens
771 1299 861 1359 opus,
884 1285 915 1340 et
936 1279 1025 1340 simul
1047 1279 1135 1340 undis
1164 1323 1167 1329 .
1216 1325 1220 1336 .

290 1386 398 1444 euneta
419 1383 512 1442 ruunt
533 1400 652 1459 unoque
673 1381 723 1442 dei
743 1381 885 1462 Pangaea
907 1384 964 1444 sub
985 1383 1047 1444 ietu

290 1485 487 1565 Gargaraque
510 1486 543 1544 et
563 1483 672 1544 maesti
694 1487 844 1546 steterunt
864 1485 1019 1546 formidine
1041 1485 1107 1546 luei
1245 1489 1308 1546 360

291 1588 409 1650 saevior
428 1588 502 1650 haut
523 1587 581 1648 alio
604 1588 747 1652 mortales
769 1590 904 1668 tempore
925 1589 1043 1650 mentes
1134 1585 1137 1592 ’
1336 1583 1338 1588 ’

291 1695 388 1752 terror
410 1691 490 1768 agit;
520 1692 591 1750 tune
612 1693 725 1768 urguet
746 1690 841 1766 enim,
862 1693 934 1750 tune
955 1690 1074 1770 flagitat
1095 1689 1155 1752 iras

291 1795 322 1854 in
344 1793 470 1876 populos
493 1790 624 1854 Astraea
646 1792 751 1854 Iovem
773 1793 921 1874 terrisque
944 1793 1056 1854 relictis

291 1897 412 1958 invocat
432 1895 557 1958 adsiduo
580 1894 723 1958 Saturnia
744 1895 845 1958 sidera
866 1901 982 1978 questu

291 1998 457 2079 insequitur
478 1997 566 2076 niger
588 2000 620 2059 et
639 1999 758 2078 magnis
780 2019 849 2060 eum
869 2001 1010 2062 iratribus
1031 1999 1134 2062 Eurus
1244 2003 1306 2063 365

289 2103 406 2164 intonet
427 2100 551 2180 Aegaeo
573 2101 728 2182 tenditque
748 2102 788 2163 ed
805 2103 894 2164 litera
914 2105 1032 2184 pontus.
1280 2105 1286 2114 '

289 2209 321 2266 et
341 2205 443 2266 lunam
465 2207 570 2284 quarto
593 2204 718 2266 densam
740 2205 823 2267 ridet
844 2206 988 2268 imbribus
1011 2209 1079 2268 ortu

289 2308 490 2389 Thespiades,
512 2307 623 2387 longus
644 2308 758 2389 coeptis
781 2311 813 2370 et
833 2308 972 2371 fluetibus
994 2311 1077 2370 areat

201 2446 266 2453 --

307 2524 356 2569 351
376 2518 517 2584 Praecipue
536 2534 598 2584 quae
620 2519 645 2570 V
696 2515 766 2568 ducis
788 2528 824 2585 ip:
842 2517 909 2570 dieas
932 2521 961 2578 V,
980 2515 1056 2568 duces
1074 2517 1117 2576 M,
1133 2515 1198 2568 dites
1216 2517 1240 2564 P

203 2647 253 2692 352
275 2599 384 2708 Hypiile
407 2644 433 2692 V
500 2656 549 2704 que
568 2669 602 2676 -
618 2654 738 2706 quaeum
752 2643 858 2690 Heinsio
876 2643 1065 2691 mmmmm
1082 2643 1099 2690 l.
1115 2642 1132 2689 l.
1147 2643 1227 2702 aaa.
1244 2641 1305 2688 iden

201 2731 293 2790 agatur
314 2735 377 2777 etv.
399 2733 449 2779 353
470 2727 548 2780 meles
569 2727 812 2790 propositiuncula
831 2733 890 2790 port
911 2727 1002 2787 agatur
1024 2727 1221 2786 interemtam

202 2870 253 2918 353
270 2864 401 2915 hemoniae
424 2867 449 2915 V
515 2867 586 2916 heret
609 2867 634 2915 V
700 2822 899 2915 3545511655
964 2867 1015 2913 355
1032 2862 1130 2912 ueneris
1146 2862 1306 2928 MPfflein·

203 3005 291 3054 aa‘urV
305 3005 367 3054 idem
384 3005 469 3054 laudere
489 3011 592 3052 tantalus
611 3001 657 3066 eat)
729 3005 778 3052 356
795 3001 838 3050 En
854 3003 1012 3050 Burmannus
1064 2958 1110 3052 diis
1132 3003 1157 3054 V
1212 2999 1307 3052 morati
1384 3065 1386 3069 v

207 3091 232 3140 V
314 3093 364 3139 357
383 3085 485 3153 pellslli
507 3089 531 3139 V
553 3089 617 3152 (tres
642 3089 727 3135 literae
753 3101 835 3134 555555
859 3085 929 3148 sunl)
1006 3085 1148 3138 nimbosum
1162 3115 1196 3124 -
1211 3088 1306 3136 astrum

203 3229 354 3278 6155555555
370 3229 387 3275 l.
408 3228 425 3276 l.
440 3242 468 3287 p.
493 3229 542 3274 174
564 3217 570 3240 ¹
592 3222 734 3276 involveret
750 3229 836 3275 austro
854 3227 976 3276 Haterius
1044 3228 1094 3278 358
1113 3181 1213 3288 liipiter
1228 3225 1253 3274 V

202 3312 342 3364 aetherium
369 3313 407 3364 vel
431 3309 556 3360 alternum
573 3310 694 3362 Heinsius
769 3309 868 3360 solvens
885 3311 1043 3360 Burmannus
1129 3313 1179 3360 359
1200 3307 1242 3358 dei
1258 3311 1306 3359 M:

202 3398 242 3450 die
255 3401 299 3451 VP
366 3402 416 3447 360
435 3393 524 3444 maesti
542 3397 666 3461 steterunt
675 3395 754 3446 Pius:
770 3393 873 3444 maestis
892 3399 918 3446 et
934 3400 1007 3445 erant
1023 3395 1052 3454 V,
1071 3392 1174 3444 moestia
1192 3397 1217 3444 et
1233 3397 1308 3444 erant

202 3487 246 3546 Μ,
266 3482 354 3534 mestis
372 3486 398 3532 et
415 3485 470 3531 erat
487 3482 522 3542 P,
542 3478 633 3532 moesti
651 3483 773 3530 steterant
792 3489 815 3548 ψ
892 3485 941 3532 361
960 3483 1003 3530 aut
1024 3479 1050 3530 V
1113 3479 1306 3530 5555551155-

203 3625 272 3674 eiua:
287 3625 375 3686 gentes
397 3622 454 3672 VPe
523 3623 572 3668 362
592 3617 723 3668 Tortort*
776 3575 833 3668 tuni
857 3620 880 3670 V
946 3567 1025 3682 flagae
1047 3619 1071 3667 V
1138 3622 1188 3671 364
1206 3617 1309 3670 loedere

202 3711 323 3759 Heinsius
411 3705 515 3768 quaestu
537 3704 562 3752 V
664 3706 714 3752 365
738 3717 830 3764 magno
854 3704 977 3752 Henetus
1000 3709 1024 3750 et
1047 3703 1306 3756 irremunerati.

198 3812 227 3860 p.
247 3799 281 3845 84
349 3788 456 3844 fratibus
477 3790 502 3840 V
586 3793 635 3838 366
656 3785 787 3850 tenditque
802 3789 870 3837 MP:
887 3785 1021 3850 denditque
1043 3789 1072 3848 V,
1088 3787 1221 3853 creditque
1236 3790 1306 3846 Aia,

203 3879 330 3946 trnditque
349 3879 451 3928 Vossius
468 3883 491 3924 55
510 3875 699 3924 Friemnaneua
715 3875 732 3922 l.
753 3875 772 3922 t.
788 3889 817 3935 p.
837 3878 885 3934 84,
901 3871 1018 3937 tendique
1034 3876 1072 3924 vel
1086 3873 1214 3939 tenditque
1233 3871 1307 3938 (pen-

203 3963 267 4030 tum)
285 3965 421 4022 11ιί5355,
446 3959 577 4026 funditque
595 3962 755 4011 Burmannus
823 3957 911 4008 littora
932 3960 957 4009 V
1028 3963 1120 4024 pentius
1139 3961 1186 4012 M:
1209 3957 1307 4022 pondus

209 4051 265 4112 VP,
282 4053 387 4115 pontum
409 4048 527 4109 Vettius,
546 4048 749 4103 Frieremamma,
767 4046 926 4092 Burmannus
1001 4048 1051 4096 367
1070 4043 1106 4094 vt
1120 4045 1241 4098 Heluam

204 4134 257 4238 niet
279 4189 303 4238 V
371 4191 421 4238 368
441 4143 515 4246 ligus
539 4185 569 4245 V,
593 4183 669 4246 longe
694 4183 754 4231 Ala.
781 4183 901 4230 Hea'nii'ur
983 4179 1087 4232 ineertis
1112 4183 1149 4230 vel
1165 4176 1274 4244 inceptis
1295 4193 1310 4227 a

206 4327 328 4376 Heinsius
397 4281 500 4373 fluctibns
524 4324 547 4372 V
613 4322 682 4370 arcet
698 4320 798 4368 Odon:
815 4322 901 4368 arcent
923 4319 968 4366 VP

787 4583 794 4612 Ι
