3110 4972
656 430 680 470 0.
695 429 803 470 venum
817 429 916 471 FLACOI
1351 377 1359 408 1

323 582 505 665 1555551551;
527 581 617 646 simul
636 580 757 645 Alcides
776 582 944 646 hortatibus
964 585 1077 663 urguet
1281 589 1347 648 550

324 687 522 770 prospiciens:
547 686 666 767 iamque
688 706 729 748 ex
751 686 844 749 oculis
863 688 999 750 aufertur
1019 688 1155 768 uterque,

261 784 264 788 ’
323 811 391 853 cum
415 809 542 873 puerum
563 789 727 852 instantem
748 790 910 871 quadripes
932 790 1072 872 fessaque
1093 791 1257 854 minantem

323 896 386 957 tela
405 915 496 958 manu
515 895 620 976 procul
641 895 680 956 ad
702 893 787 956 nitidi
809 893 957 975 spiracula
978 895 1068 957 155515

325 999 408 1061 ducit
430 1001 461 1061 55
483 998 490 1012 ’
512 999 610 1060 tactas
632 997 708 1060 levis
729 997 795 1079 ipse
819 999 989 1080 superfugit
1010 1000 1114 1062 undas.
1320 1057 1330 1065 ,

324 1102 381 1164 1155
402 1102 489 1184 55511
511 1121 581 1183 1555
603 1101 671 1163 lusa
692 1103 780 1164 modo
802 1104 927 1164 estnec
949 1105 1072 1165 tendere
1095 1106 1192 1166 certat
1282 1108 1344 1168 555

325 1207 467 1287 amphus;
490 1207 583 1286 utque
603 1207 687 1266 51555
709 1207 740 1266 55
763 1205 879 1268 concita
897 1209 1021 1288 pectora
1043 1209 1135 1270 sudor

325 1309 471 1385 diluerat,
492 1311 597 1388 gratos
616 1309 724 1371 aridus
744 1309 913 1391 procumbit
933 1311 972 1372 ad
995 1329 1106 1372 amnes.

326 1413 436 1494 stagna
456 1431 538 1493 vege
558 1413 601 1474 sic
622 1415 688 1475 luce
709 1413 835 1489 micant,
856 1413 907 1474 ubi
930 1413 1061 1496 Cynthia
1083 1416 1165 1478 caelo

324 1518 469 1599 prospicit
490 1522 543 1580 555
561 1518 654 1580 medii
675 1517 1017 1596 51555151555555111115
1038 1519 1163 1582 Phoebi:

324 1623 384 1683 tale
407 1622 492 1684 iubar
514 1621 773 1702 1111155111555515;
795 1620 837 1682 nil
859 1622 966 1682 umbra
988 1639 1149 1703 comaeque
1281 1629 1345 1687 560

325 1725 516 1807 turbavitque
537 1746 630 1787 sonus
652 1725 805 1805 surgentis
823 1725 861 1786 ad
884 1724 987 1786 oscula
1009 1723 1177 1807 Nymphae.

322 1827 374 1889 illa
396 1830 502 1892 arides
524 1830 632 1892 iniecta
653 1848 759 1891 manus
780 1831 841 1891 hau
865 1847 933 1890 aera
956 1828 1084 1892 cientem

322 1932 434 1996 auxilia
455 1937 487 1996 et
508 1935 610 2016 magni
629 1935 808 1996 referentem
828 1951 938 1996 nomen
961 1932 1047 1994 amici

324 2035 468 2114 detrahit;
487 2038 607 2100 adiutae
628 2058 722 2120 prono
745 2057 815 2100 5551
837 2036 969 2118 pondere
991 2036 1080 2099 vires.

387 2169 453 2232 Iam
476 2174 563 2253 55551
583 2171 731 2234 umbrosis
755 2169 932 2254 Tirynthius
956 2171 1074 2233 arcibus
1097 2191 1185 2235 51555
1280 2176 1342 2235 565

324 2274 484 2355 depulerat
506 2295 675 2358 magnoque
697 2277 760 2357 iugi
782 2273 910 2337 stridore
931 2277 1069 2336 revulsas

323 2379 412 2457 terga
432 2398 524 2460 super
544 2381 619 2442 fulvi
641 2380 818 2463 porrexerat
837 2377 959 2440 horrida
979 2379 1104 2441 monstri

323 2479 412 2542 litora
432 2501 525 2544 curva
545 2487 668 2566 petens3
691 2487 748 2549 5115
771 2505 841 2547 nam
864 2485 939 2545 calle
961 2501 1117 2543 reversum

323 2585 417 2647 credit
437 2585 539 2667 Hylan
561 2590 708 2670 55555555
731 2589 825 2670 dapes
848 2588 971 2649 auxisse
992 2586 1096 2647 151155.

323 2689 377 2750 sed
398 2709 495 2769 neque
513 2693 588 2772 5555
607 2691 703 2753 555155
725 2694 914 2772 structasque
933 2691 964 2752 in
986 2690 1074 2752 litore
1093 2710 1212 2752 1555555
1278 2695 1343 2753 570

321 2792 493 2854 5555115515
518 2794 601 2857 videt
623 2815 715 2875 aeger
737 2794 840 2877 Hylan
861 2813 917 2855 555
938 2793 1059 2872 lougius
1083 2813 1181 2856 acrem

321 2896 481 2958 intendens
504 2897 606 2960 aciem.
650 2901 752 2962 varios
771 2900 840 2962 hinc
861 2896 975 2960 excitat
997 2898 1100 2957 555555

320 3002 401 3062 nube
421 3001 492 3064 mali
509 3022 672 3084 percussus
695 3023 791 3081 amor,
814 3003 922 3083 quibus
941 2997 1075 3062 haeserit
1097 3002 1166 3079 orie,

322 3105 388 3186 quis
410 3106 488 3167 tales
509 3106 621 3188 inpune
642 3127 742 3169 moras
764 3125 893 3168 casusve
913 3105 1036 3166 laborve

320 3195 472 3285 attulerit3
497 3211 620 3273 densam
640 3211 756 3273 1555155
778 3210 961 3272 descendere
984 3209 1104 3270 5555515
1277 3213 1339 3271 575

322 3312 381 3374 iam
401 3315 514 3376 maiore
538 3317 633 3390 metu;
656 3317 720 3376 tum
740 3335 813 3377 vero
836 3316 869 3376 et
890 3312 986 3395 pallor
1008 3313 1041 3372 et
1064 3329 1168 3372 amens

322 3436 390 3477 cnm
410 3418 494 3499 piceo
516 3419 626 3480 sudore
646 3420 735 3500 rigor.
781 3438 836 3480 ceu
857 3417 982 3499 pectora
1003 3414 1104 3476 555515

321 3521 461 3600 congelat
480 3521 597 3584 hiberni
617 3523 721 3584 vultus
743 3521 827 3583 Iovis
848 3520 1036 3602 agricolieve,
1145 3599 1150 3608 ⁸

342 3780 392 3828 550
411 3775 521 3827 alchidcs
542 3778 567 3828 V
667 3779 717 3826 555
743 3773 883 3839 quadrupes
901 3776 946 3826 Pm
1053 3779 1103 3826 555
1121 3772 1196 3839 55511
1213 3757 1349 3836 55551555

234 3863 315 3913 Ala:
333 3861 420 3927 pueris
438 3861 542 3929 perlusa
563 3863 620 3923 VP,
640 3859 714 3925 pueri
730 3875 787 3926 spes
803 3859 859 3910 1555
877 3863 897 3912 0
963 3860 1068 3911 Hac-
1083 3874 1155 3908 mora
1172 3859 1344 3922 Peerlkaonpce

235 3953 269 3999 ad
289 3951 362 4014 Vcry.
375 3951 440 4001 Aen.
459 3948 473 3999 I
492 3953 541 4000 352
612 3952 764 3998 5571115555
783 3961 824 3996 m:
843 3947 992 3997 omnesVP
1062 3948 1110 3994 556
1130 3943 1178 4008 515]
1200 3959 1245 3995 cau
1263 3948 1343 3995 Heln-

235 4038 288 4085 555
356 4035 454 4086 cinthia
475 4036 500 4085 V
602 4037 650 4083 561
673 4031 776 4082 obscula
794 4033 818 4081 P
884 4030 1005 4096 nimphae
1028 4030 1053 4080 V
1137 4032 1186 4079 565
1206 4032 1344 4096 tyrinthius

239 4124 287 4172 VP
387 4128 436 4176 566
456 4115 775 4171 551111515Ρ15.·551511515
796 4119 827 4179 V,
845 4117 952 4168 stridere
972 4114 1015 4174 Μ,
1036 4113 1066 4162 (15
1084 4111 1157 4162 trude
1176 4116 1208 4174 0,
1231 4116 1262 4166 de
1280 4133 1344 4183 rupe

235 4209 357 4258 Heinsius
425 4206 537 4258 revellens
559 4213 596 4271 ψι
613 4204 738 4256 1511515551
762 4205 809 4255 VP
912 4205 962 4253 669
981 4199 1116 4264 captaque]
1136 4203 1237 4265 5555555
1254 4205 1278 4253 P

235 4293 388 4344 1155515550
452 4291 591 4344 15115551>
692 4294 742 4342 573
768 4301 902 4353 percussus
925 4287 988 4336 Pm:
1019 4298 1152 4348 percussas
1173 4288 1204 4348 V,
1227 4289 1345 4352 55115555

487 4631 1149 4938 nlla
