3110 4972
530 429 751 486 sasonavncois
771 441 857 484 maa
870 441 911 480 rr.

254 603 393 682 raptatur
414 596 643 677 Graias'adque
663 595 757 657 ardua
779 594 903 658 flumina
923 593 1006 674 ripis,

255 707 355 768 oblato
375 702 470 763 donec
490 701 613 780 paulum
628 700 772 761 cunctata
794 699 940 779 profundo

254 807 372 870 incidit:
394 805 545 867 absistunt
566 804 674 865 fluctus
695 806 728 865 et
746 821 842 884 gnara
861 801 952 863 bituri

255 913 328 974 dant
347 909 476 992 pavidae
498 909 560 970 alta
583 906 675 980 viam;
697 906 786 967 celsis
806 905 911 986 procul
934 904 1000 984 ipsa
1022 901 1153 982 refulget
1207 900 1270 962 405

254 1015 391 1079 cornibus
414 1032 449 1074 ac
470 1029 586 1072 summa
605 1009 737 1090 palearia
759 1008 888 1070 sustinet
909 1007 996 1070 unda

255 1123 303 1181 ast
324 1117 417 1180 Erebi
438 1115 526 1194 virgo
546 1114 639 1174 ditem
659 1114 742 1173 volat
762 1111 883 1172 aethere
900 1108 1054 1189 Memphin

253 1221 426 1305 praecipere
449 1221 481 1280 et
501 1216 609 1279 Pharia
629 1217 801 1278 venientem
821 1217 936 1297 pellere
955 1217 1045 1277 terra.

252 1329 356 1388 contra
377 1322 465 1386 Nilus
487 1321 575 1383 adest
596 1322 628 1380 et
649 1322 713 1382 toto
733 1318 855 1400 gurgite
877 1318 997 1379 torrens

254 1429 436 1508 Tisiphonen
456 1425 521 1503 agit
542 1424 639 1505 adque
659 1423 726 1485 imis
748 1421 845 1484 inlidit
866 1416 987 1482 harenis

253 1532 332 1592 Ditis
353 1549 439 1610 opem
463 1548 498 1590 ac
520 1527 603 1589 saevi
623 1528 800 1588 clamantem
818 1522 942 1586 numina
958 1521 1053 1601 regni.

253 1636 400 1716 apparent
423 1649 607 1711 sparsaeque
628 1633 709 1693 faces
731 1629 914 1706 disiectaque
935 1625 1027 1702 longe

254 1739 382 1798 verbera
402 1737 433 1796 et
456 1733 590 1812 abruptis
612 1737 733 1796 excussi
755 1732 885 1794 crinibus
905 1727 1001 1808 hydri.

253 1861 310 1902 nec
330 1839 415 1900 Iovis
437 1837 554 1899 interea
574 1838 675 1898 cessat
695 1854 810 1896 manus.
853 1831 971 1894 intonat
992 1829 1053 1890 alto

252 1946 414 2022 insurgens
434 1941 516 2002 caelo
539 1938 658 2018 genitor
679 1956 840 2018 curamque
861 1936 981 2013 fatetur,

254 2052 344 2130 atque
362 2049 430 2126 ipsa
449 2041 607 2122 imperium
625 2041 700 2103 Iuno
723 2043 821 2121 pavet.
866 2038 940 2098 haec
959 2033 1063 2115 procul
1082 2026 1117 2091 Io

254 2154 370 2234 spectat
390 2151 427 2209 ab
449 2166 517 2208 arce
599 2145 660 2205 iam
681 2143 759 2204 divis
778 2141 893 2218 addita,
914 2139 1033 2218 iamque

253 2254 356 2334 aspide
376 2253 472 2313 cincta
493 2265 593 2309 comas
614 2251 646 2309 et
666 2246 768 2309 ovanti
789 2263 919 2326 persona
942 2241 1038 2302 sistr0.

177 2428 180 2442 Ι
251 2358 407 2437 Bosporon
429 2353 498 2413 hinc
519 2352 639 2410 veteres
661 2348 789 2411 errantis
811 2346 929 2408 nomine
951 2343 1039 2404 divae

251 2463 425 2540 vulgavere.
468 2457 554 2516 iuvet
575 2455 694 2513 nostros
717 2471 795 2512 nunc
816 2451 884 2530 ipsa
903 2449 1022 2509 labores

194 2575 197 2582 '
249 2562 440 2642 inmissisque
460 2563 557 2619 ratem
580 2574 635 2617 sua
657 2575 711 2636 per
731 2554 809 2615 freta
830 2551 978 2634 provehat
1000 2538 1095 2610 auris?

314 2727 450 2787 Dixerat.
494 2725 526 2782 et
547 2719 655 2801 placidi
675 2717 838 2779 tendebant
858 2717 983 2778 carbasa
1003 2709 1094 2773 uenti.

249 2835 372 2914 postera
394 2848 453 2889 non
476 2844 580 2887 cassae
601 2822 714 2902 Minyis
736 2819 855 2880 Aurora
876 2815 988 2877 retexit

249 2935 345 2998 noctis
365 2933 436 3003 iter;
457 2948 536 2990 nova
558 2930 666 2988 cuncta
688 2922 793 2983 vident
815 2909 999 2998 Thyneaque
1020 2916 1106 2976 iuxta

247 3041 337 3100 litora
357 3033 470 3095 fatidici
489 3029 593 3112 poeuis
613 3025 767 3088 horrentia
789 3022 899 3084 Phinei.

265 3411 314 3477 402
333 3425 459 3490 Raptatur
474 3422 508 3470 0:
525 3420 650 3484 Raptatus
673 3417 703 3475 V,
721 3414 805 3479 Rapta
822 3411 910 3463 furens
930 3419 968 3478 ψ,
984 3410 1068 3475 Rapta
1085 3405 1170 3470 agitur
1186 3401 1266 3454 Heta-

161 3516 213 3566 at'au
314 3514 366 3562 404
384 3512 410 3560 et
425 3511 528 3559 deletum
544 3513 581 3554 est
599 3506 627 3552 ia
644 3502 677 3553 a!
742 3513 823 3563 gnara
843 3507 896 3565 ipa:
914 3497 1005 3562 ignara
1027 3497 1052 3546 V
1152 3491 1202 3540 405
1217 3501 1266 3556 pa-

160 3596 234 3648 vidas
253 3605 308 3661 aba:
324 3594 420 3662 pauida
441 3596 467 3646 V
583 3593 632 3640 400
651 3584 763 3653 pelearia
786 3587 812 3636 V
927 3587 977 3633 407
994 3581 1043 3630 Ast
1057 3574 1154 3628 Herebi
1174 3582 1224 3639 spo:
1243 3572 1267 3620 Δ

161 3681 272 3734 etherebi
294 3683 320 3734 V
453 3667 503 3731 408
525 3674 678 3738 Praecipere
701 3675 730 3720 ut
754 3673 792 3721 aa
815 3669 943 3733 Praeceps
967 3669 997 3716 ut
1018 3668 1056 3716 ool
1075 3656 1217 3725 Praecipiti
1238 3658 1268 3706 ut

161 3767 255 3821 Pharia
279 3766 420 3818 sementem
444 3763 552 3829 pelleret
576 3776 621 3812 ora
645 3755 908 3809 aeromantiam.
926 3769 955 3816 p.
977 3755 1026 3802 100
1131 3750 1182 3798 411
1199 3741 1268 3794 fluvi

160 3859 197 3906 ve
210 3854 293 3922 Stygii
310 3856 431 3903 Heinsius
481 3848 565 3917 regni]
584 3844 679 3896 Averni
695 3845 884 3893 Pricaemaaaus
902 3840 919 3887 t.
938 3840 954 3886 l.
970 3853 999 3899 p.
1013 3840 1061 3886 101
1130 3836 1180 3884 416
1189 3820 1265 3890 haec]

160 3941 227 3992 haud
243 3942 364 3990 Heinsius
479 3943 527 3988 417
547 3935 644 4000 spectat
664 3939 717 3996 ipo:
735 3925 872 3992 Spectabat
892 3926 918 3978 V
983 3925 1094 3972 lacum
1111 3913 1267 3982 significavi:

160 4027 214 4092 poli
233 4036 270 4092 ψ,
287 4007 398 4076 Phario
508 4026 559 4072 418
578 4016 663 4083 spicis
683 4015 805 4063 Heinsius
872 4008 955 4060 cincta
971 4023 1012 4058 m:
1031 4007 1121 4055 cuncta
1141 4003 1167 4052 V

161 4118 210 4164 tte
230 4111 384 4176 Bosphoron
407 4111 431 4160 V
505 4109 555 4155 420
573 4101 644 4151 iubet
665 4101 690 4150 V
745 4102 846 4148 nostros
865 4109 906 4144 m:
921 4096 1009 4144 nostro
1030 4093 1056 4143 V
1128 4079 1267 4136 atlantis

160 4200 287 4248 Benttoiua
305 4200 332 4246 ia
348 4197 449 4257 epistota
465 4196 498 4240 ad
513 4193 598 4240 Burm.
619 4191 676 4236 dota
693 4188 709 4234 l.
729 4187 746 4234 l.
762 4199 790 4244 p.
810 4185 873 4231 560:
892 4175 960 4228 euris
983 4176 1018 4226 Vc
1103 4172 1153 4220 423
1172 4163 1267 4216 minuit

165 4287 189 4336 V
290 4288 340 4333 424
358 4280 493 4342 thiueaque
512 4278 544 4326 M
550 4310 555 4335 ‚
575 4259 715 4339 tynneaquc
734 4270 809 4325 Bosa,
830 4263 1001 4331 Thynneaquc
1022 4259 1098 4315 Ala,
1119 4251 1268 4320 Thyonaea·

162 4386 206 4436 que
225 4387 237 4418 c
342 4371 392 4417 425
411 4362 505 4428 phynei
525 4363 549 4412 V
