<?xml version="1.0" encoding="UTF-8"?>
<!DOCTYPE html PUBLIC "-//W3C//DTD XHTML 1.0 Transitional//EN"
    "http://www.w3.org/TR/xhtml1/DTD/xhtml1-transitional.dtd">
<html xmlns="http://www.w3.org/1999/xhtml" xml:lang="en" lang="en">
 <head>
  <title>
</title>
<meta http-equiv="Content-Type" content="text/html;charset=utf-8" />
  <meta name='ocr-system' content='tesseract 3.04.00' />
  <meta name='ocr-capabilities' content='ocr_page ocr_carea ocr_par ocr_line ocrx_word'/>
</head>
<body>
  <div class='ocr_page' id='page_1' title='image "./argonaviticonli00flacgoog_0023.png"; bbox 0 0 3086 4968; ppageno 0'>
   <div class='ocr_carea' id='block_1_1' title="bbox 248 437 914 513">
    <p class='ocr_par' dir='ltr' id='par_1_1' title="bbox 248 437 914 513">
     <span class='ocr_line' id='line_1_1' title="bbox 248 437 914 513; baseline -0.011 0"><span class='ocrx_word' id='word_1_1' title='bbox 248 471 289 512; x_wconf 79' lang='lat' dir='ltr'><strong>XV</strong></span> <span class='ocrx_word' id='word_1_2' title='bbox 290 473 302 513; x_wconf 94' lang='lat'>1</span> <span class='ocrx_word' id='word_1_3' title='bbox 419 437 422 444; x_wconf 36' lang='grc'><strong>1</strong></span> <span class='ocrx_word' id='word_1_4' title='bbox 687 467 914 509; x_wconf 71' lang='lat' dir='ltr'>PROLEGOMENON</span> 
     </span>
    </p>
   </div>
   <div class='ocr_carea' id='block_1_2' title="bbox 245 632 1354 1130">
    <p class='ocr_par' dir='ltr' id='par_1_2' title="bbox 245 632 1354 1130">
     <span class='ocr_line' id='line_1_2' title="bbox 351 632 1353 716; baseline -0.004 -18"><span class='ocrx_word' id='word_1_5' title='bbox 351 635 381 698; x_wconf 86' lang='lat' dir='ltr'>V</span> <span class='ocrx_word' id='word_1_6' title='bbox 403 639 445 697; x_wconf 80' lang='lat'><strong>27</strong></span> <span class='ocrx_word' id='word_1_7' title='bbox 473 637 563 716; x_wconf 88' lang='lat' dir='ltr'><strong>poeta</strong></span> <span class='ocrx_word' id='word_1_8' title='bbox 590 632 759 714; x_wconf 84' lang='lat' dir='ltr'><strong>significare</strong></span> <span class='ocrx_word' id='word_1_9' title='bbox 787 633 924 708; x_wconf 84' lang='lat' dir='ltr'><strong>volebat,</strong></span> <span class='ocrx_word' id='word_1_10' title='bbox 948 632 1079 712; x_wconf 79' lang='lat' dir='ltr'><strong>imagine</strong></span> <span class='ocrx_word' id='word_1_11' title='bbox 1106 632 1240 694; x_wconf 79' lang='lat' dir='ltr'>Idmonis</span> <span class='ocrx_word' id='word_1_12' title='bbox 1265 633 1353 694; x_wconf 88' lang='lat' dir='ltr'><strong>modo</strong></span> 
     </span>
     <span class='ocr_line' id='line_1_3' title="bbox 246 735 1353 818; baseline -0.005 -17"><span class='ocrx_word' id='word_1_13' title='bbox 246 737 358 801; x_wconf 89' lang='lat' dir='ltr'><strong>mortui</strong></span> <span class='ocrx_word' id='word_1_14' title='bbox 382 742 524 800; x_wconf 83' lang='lat' dir='ltr'><strong>revocata</strong></span> <span class='ocrx_word' id='word_1_15' title='bbox 557 738 725 800; x_wconf 90' lang='lat' dir='ltr'><strong>admonitos</strong></span> <span class='ocrx_word' id='word_1_16' title='bbox 754 756 823 797; x_wconf 90' lang='lat' dir='ltr'><strong>esse</strong></span> <span class='ocrx_word' id='word_1_17' title='bbox 852 735 1064 816; x_wconf 84' lang='lat' dir='ltr'><strong>Argonautas,</strong></span> <span class='ocrx_word' id='word_1_18' title='bbox 1095 735 1206 818; x_wconf 77' lang='lat' dir='ltr'><strong>Tiphyi</strong></span> <span class='ocrx_word' id='word_1_19' title='bbox 1234 755 1353 817; x_wconf 90' lang='lat' dir='ltr'><strong>quoque</strong></span> 
     </span>
     <span class='ocr_line' id='line_1_4' title="bbox 246 838 1354 921; baseline -0.002 -17"><span class='ocrx_word' id='word_1_20' title='bbox 246 844 373 904; x_wconf 90' lang='lat' dir='ltr'><strong>mortem</strong></span> <span class='ocrx_word' id='word_1_21' title='bbox 394 841 556 902; x_wconf 86' lang='lat' dir='ltr'><strong>imminere.</strong></span> <span class='ocrx_word' id='word_1_22' title='bbox 591 859 682 921; x_wconf 90' lang='lat' dir='ltr'><strong>quam</strong></span> <span class='ocrx_word' id='word_1_23' title='bbox 704 839 884 901; x_wconf 90' lang='lat' dir='ltr'><strong>sententiam</strong></span> <span class='ocrx_word' id='word_1_24' title='bbox 904 839 952 900; x_wconf 91' lang='lat' dir='ltr'><strong>his</strong></span> <span class='ocrx_word' id='word_1_25' title='bbox 977 839 1079 900; x_wconf 83' lang='lat' dir='ltr'><strong>verbis</strong></span> <span class='ocrx_word' id='word_1_26' title='bbox 1105 838 1232 900; x_wconf 84' lang='lat' dir='ltr'><strong>efferens</strong></span> <span class='ocrx_word' id='word_1_27' title='bbox 1251 843 1279 902; x_wconf 89' lang='lat' dir='ltr'><strong>et</strong></span> <span class='ocrx_word' id='word_1_28' title='bbox 1298 839 1354 902; x_wconf 82' lang='lat' dir='ltr'><strong>alle</strong></span> 
     </span>
     <span class='ocr_line' id='line_1_5' title="bbox 246 942 1353 1022; baseline -0.002 -16"><span class='ocrx_word' id='word_1_29' title='bbox 246 965 347 1007; x_wconf 80' lang='lat' dir='ltr'><strong>recens</strong></span> <span class='ocrx_word' id='word_1_30' title='bbox 364 945 460 1008; x_wconf 76' lang='lat' dir='ltr'><strong>corallo</strong></span> <span class='ocrx_word' id='word_1_31' title='bbox 480 945 637 1006; x_wconf 76' lang='lat' dir='ltr'><em>intervolat</em></span> <span class='ocrx_word' id='word_1_32' title='bbox 656 943 762 1006; x_wconf 81' lang='lat' dir='ltr'><strong>Idaooa</strong></span> <span class='ocrx_word' id='word_1_33' title='bbox 783 944 812 1004; x_wconf 92' lang='lat' dir='ltr'><strong>ei</strong></span> <span class='ocrx_word' id='word_1_34' title='bbox 832 942 990 1004; x_wconf 81' lang='lat' dir='ltr'><strong>brevitatis</strong></span> <span class='ocrx_word' id='word_1_35' title='bbox 1004 943 1110 1021; x_wconf 80' lang='lat' dir='ltr'><strong>generi</strong></span> <span class='ocrx_word' id='word_1_36' title='bbox 1127 943 1251 1018; x_wconf 78' lang='lat' dir='ltr'><strong>studuit,</strong></span> <span class='ocrx_word' id='word_1_37' title='bbox 1274 943 1353 1022; x_wconf 89' lang='lat' dir='ltr'><strong>quod</strong></span> 
     </span>
     <span class='ocr_line' id='line_1_6' title="bbox 245 1045 1353 1130; baseline -0.004 -21"><span class='ocrx_word' id='word_1_38' title='bbox 245 1050 370 1130; x_wconf 86' lang='lat' dir='ltr'><strong>propter</strong></span> <span class='ocrx_word' id='word_1_39' title='bbox 396 1048 607 1109; x_wconf 73' lang='lat' dir='ltr'><strong>obscuritatem</strong></span> <span class='ocrx_word' id='word_1_40' title='bbox 634 1045 776 1107; x_wconf 81' lang='lat' dir='ltr'><strong>vitiosum</strong></span> <span class='ocrx_word' id='word_1_41' title='bbox 803 1048 851 1106; x_wconf 89' lang='lat' dir='ltr'><strong>est</strong></span> <span class='ocrx_word' id='word_1_42' title='bbox 882 1048 913 1106; x_wconf 91' lang='lat' dir='ltr'><strong>et</strong></span> <span class='ocrx_word' id='word_1_43' title='bbox 935 1046 1088 1127; x_wconf 88' lang='lat' dir='ltr'><strong>scriptoris</strong></span> <span class='ocrx_word' id='word_1_44' title='bbox 1111 1049 1165 1107; x_wconf 87' lang='lat' dir='ltr'><strong>aut</strong></span> <span class='ocrx_word' id='word_1_45' title='bbox 1182 1045 1353 1107; x_wconf 88' lang='lat' dir='ltr'><strong>festinantis</strong></span> 
     </span>
    </p>
   </div>
   <div class='ocr_carea' id='block_1_3' title="bbox 240 1147 1354 4425">
    <p class='ocr_par' dir='ltr' id='par_1_3' title="bbox 240 1147 1354 4425">
     <span class='ocr_line' id='line_1_7' title="bbox 245 1147 1354 1231; baseline -0.004 -18"><span class='ocrx_word' id='word_1_46' title='bbox 245 1150 369 1212; x_wconf 87' lang='lat' dir='ltr'><strong>nimium</strong></span> <span class='ocrx_word' id='word_1_47' title='bbox 386 1152 440 1212; x_wconf 83' lang='lat' dir='ltr'><strong>aut</strong></span> <span class='ocrx_word' id='word_1_48' title='bbox 460 1150 593 1212; x_wconf 90' lang='lat' dir='ltr'><strong>iudicare</strong></span> <span class='ocrx_word' id='word_1_49' title='bbox 612 1148 781 1210; x_wconf 88' lang='lat' dir='ltr'><strong>nescientis.</strong></span> <span class='ocrx_word' id='word_1_50' title='bbox 818 1147 902 1209; x_wconf 88' lang='lat' dir='ltr'><strong>cuius</strong></span> <span class='ocrx_word' id='word_1_51' title='bbox 918 1149 977 1210; x_wconf 88' lang='lat' dir='ltr'><strong>alia</strong></span> <span class='ocrx_word' id='word_1_52' title='bbox 990 1151 1111 1231; x_wconf 87' lang='lat' dir='ltr'><strong>praeter</strong></span> <span class='ocrx_word' id='word_1_53' title='bbox 1124 1149 1200 1210; x_wconf 92' lang='lat' dir='ltr'><strong>illud</strong></span> <span class='ocrx_word' id='word_1_54' title='bbox 1213 1149 1354 1230; x_wconf 86' lang='lat' dir='ltr'><strong>exempla</strong></span> 
     </span>
     <span class='ocr_line' id='line_1_8' title="bbox 245 1250 1354 1335; baseline 0 -21"><span class='ocrx_word' id='word_1_55' title='bbox 245 1251 440 1335; x_wconf 86' lang='lat' dir='ltr'><strong>inpromptu</strong></span> <span class='ocrx_word' id='word_1_56' title='bbox 461 1256 548 1329; x_wconf 92' lang='lat' dir='ltr'><strong>sunt,</strong></span> <span class='ocrx_word' id='word_1_57' title='bbox 574 1252 671 1312; x_wconf 84' lang='lat' dir='ltr'><strong>veluti</strong></span> <span class='ocrx_word' id='word_1_58' title='bbox 692 1250 709 1311; x_wconf 91' lang='lat' dir='ltr'>I</span> <span class='ocrx_word' id='word_1_59' title='bbox 733 1256 794 1313; x_wconf 88' lang='grc'><strong>109</strong></span> <span class='ocrx_word' id='word_1_60' title='bbox 818 1271 880 1331; x_wconf 89' lang='lat' dir='ltr'><strong>sqq.</strong></span> <span class='ocrx_word' id='word_1_61' title='bbox 901 1255 988 1314; x_wconf 82' lang='lat' dir='ltr'><strong>cuius</strong></span> <span class='ocrx_word' id='word_1_62' title='bbox 1008 1299 1015 1313; x_wconf 87' lang='lat'>.</span> <span class='ocrx_word' id='word_1_63' title='bbox 1038 1300 1045 1314; x_wconf 94' lang='lat'><strong>.</strong></span> <span class='ocrx_word' id='word_1_64' title='bbox 1069 1301 1076 1313; x_wconf 93' lang='lat'>.</span> <span class='ocrx_word' id='word_1_65' title='bbox 1098 1253 1159 1315; x_wconf 92' lang='lat' dir='ltr'><strong>tela</strong></span> <span class='ocrx_word' id='word_1_66' title='bbox 1174 1272 1255 1335; x_wconf 82' lang='lat' dir='ltr'><strong>puer</strong></span> <span class='ocrx_word' id='word_1_67' title='bbox 1271 1251 1354 1331; x_wconf 87' lang='lat' dir='ltr'><strong>faot-</strong></span> 
     </span>
     <span class='ocr_line' id='line_1_9' title="bbox 246 1354 1354 1438; baseline 0.001 -21"><span class='ocrx_word' id='word_1_68' title='bbox 246 1355 347 1437; x_wconf 83' lang='lat' dir='ltr'><strong>lesqae</strong></span> <span class='ocrx_word' id='word_1_69' title='bbox 371 1358 485 1418; x_wconf 76' lang='lat' dir='ltr'><strong>amera&#39;o</strong></span> <span class='ocrx_word' id='word_1_70' title='bbox 508 1355 707 1436; x_wconf 81' lang='lat' dir='ltr'><strong>qaulealrbas</strong></span> <span class='ocrx_word' id='word_1_71' title='bbox 736 1373 826 1416; x_wconf 82' lang='lat' dir='ltr'><strong>araas</strong></span> <span class='ocrx_word' id='word_1_72' title='bbox 850 1358 946 1435; x_wconf 80' lang='lat' dir='ltr'><strong>pectet</strong></span> <span class='ocrx_word' id='word_1_73' title='bbox 966 1354 1084 1436; x_wconf 75' lang='lat' dir='ltr'><strong>Hylas:</strong></span> <span class='ocrx_word' id='word_1_74' title='bbox 1110 1356 1183 1418; x_wconf 82' lang='lat' dir='ltr'><strong>velit</strong></span> <span class='ocrx_word' id='word_1_75' title='bbox 1209 1356 1265 1418; x_wconf 84' lang='lat' dir='ltr'><strong>ille</strong></span> <span class='ocrx_word' id='word_1_76' title='bbox 1290 1358 1354 1438; x_wconf 85' lang='lat' dir='ltr'><strong>qai-</strong></span> 
     </span>
     <span class='ocr_line' id='line_1_10' title="bbox 247 1441 1353 1542; baseline -0.001 -21"><span class='ocrx_word' id='word_1_77' title='bbox 247 1457 331 1535; x_wconf 81' lang='lat' dir='ltr'><strong>dem,</strong></span> <span class='ocrx_word' id='word_1_78' title='bbox 358 1457 411 1520; x_wconf 86' lang='lat' dir='ltr'><strong>sed</strong></span> <span class='ocrx_word' id='word_1_79' title='bbox 435 1456 558 1520; x_wconf 68' lang='lat' dir='ltr'><strong>oleatae</strong></span> <span class='ocrx_word' id='word_1_80' title='bbox 579 1457 707 1520; x_wconf 78' lang='lat' dir='ltr'><strong>cordam</strong></span> <span class='ocrx_word' id='word_1_81' title='bbox 723 1475 786 1540; x_wconf 82' lang='lat' dir='ltr'><strong>par</strong></span> <span class='ocrx_word' id='word_1_82' title='bbox 807 1459 893 1520; x_wconf 83' lang='lat' dir='ltr'><strong>oncri</strong></span> <span class='ocrx_word' id='word_1_83' title='bbox 918 1457 1073 1539; x_wconf 78' lang='lat' dir='ltr'><strong>clavaeque</strong></span> <span class='ocrx_word' id='word_1_84' title='bbox 1092 1441 1284 1542; x_wconf 64' lang='lat' dir='ltr'><strong>capaa,&#39;ubi</strong></span> <span class='ocrx_word' id='word_1_85' title='bbox 1314 1460 1353 1520; x_wconf 86' lang='lat' dir='ltr'><strong>ad</strong></span> 
     </span>
     <span class='ocr_line' id='line_1_11' title="bbox 245 1560 1353 1642; baseline -0.002 -18"><span class='ocrx_word' id='word_1_86' title='bbox 245 1562 318 1624; x_wconf 84' lang='lat' dir='ltr'><strong>velit</strong></span> <span class='ocrx_word' id='word_1_87' title='bbox 335 1560 390 1623; x_wconf 80' lang='lat' dir='ltr'><strong>elle</strong></span> <span class='ocrx_word' id='word_1_88' title='bbox 411 1560 529 1642; x_wconf 76' lang='lat' dir='ltr'><strong>quidem</strong></span> <span class='ocrx_word' id='word_1_89' title='bbox 554 1561 721 1642; x_wconf 86' lang='lat' dir='ltr'><strong>supplenda</strong></span> <span class='ocrx_word' id='word_1_90' title='bbox 742 1563 814 1620; x_wconf 90' lang='lat' dir='ltr'><strong>sunt</strong></span> <span class='ocrx_word' id='word_1_91' title='bbox 835 1563 863 1622; x_wconf 82' lang='lat' dir='ltr'><strong>et</strong></span> <span class='ocrx_word' id='word_1_92' title='bbox 890 1560 1005 1622; x_wconf 86' lang='lat' dir='ltr'><strong>olavam</strong></span> <span class='ocrx_word' id='word_1_93' title='bbox 1026 1564 1151 1642; x_wconf 84' lang='lat' dir='ltr'><strong>qestare.</strong></span> <span class='ocrx_word' id='word_1_94' title='bbox 1189 1561 1222 1622; x_wconf 91' lang='lat' dir='ltr'><strong>in</strong></span> <span class='ocrx_word' id='word_1_95' title='bbox 1247 1562 1353 1623; x_wconf 89' lang='lat' dir='ltr'><strong>eodem</strong></span> 
     </span>
     <span class='ocr_line' id='line_1_12' title="bbox 246 1663 1350 1745; baseline 0 -20"><span class='ocrx_word' id='word_1_96' title='bbox 246 1664 454 1727; x_wconf 73' lang='grc'><strong>1111161563</strong></span> <span class='ocrx_word' id='word_1_97' title='bbox 477 1684 568 1726; x_wconf 86' lang='grc'><strong>16666</strong></span> <span class='ocrx_word' id='word_1_98' title='bbox 596 1682 674 1744; x_wconf 86' lang='lat' dir='ltr'><strong>quae</strong></span> <span class='ocrx_word' id='word_1_99' title='bbox 695 1665 834 1724; x_wconf 85' lang='lat' dir='ltr'><strong>suntme</strong></span> <span class='ocrx_word' id='word_1_100' title='bbox 854 1664 993 1745; x_wconf 80' lang='lat' dir='ltr'><strong>primum</strong></span> <span class='ocrx_word' id='word_1_101' title='bbox 1016 1666 1102 1745; x_wconf 84' lang='lat' dir='ltr'><strong>reqia</strong></span> <span class='ocrx_word' id='word_1_102' title='bbox 1123 1663 1232 1726; x_wconf 83' lang='lat' dir='ltr'><strong>muodo</strong></span> <span class='ocrx_word' id='word_1_103' title='bbox 1254 1711 1261 1725; x_wconf 90' lang='lat'>.</span> <span class='ocrx_word' id='word_1_104' title='bbox 1284 1711 1291 1725; x_wconf 88' lang='lat'>.</span> <span class='ocrx_word' id='word_1_105' title='bbox 1314 1711 1320 1725; x_wconf 94' lang='lat'>.</span> <span class='ocrx_word' id='word_1_106' title='bbox 1343 1711 1350 1725; x_wconf 88' lang='lat'>.</span> 
     </span>
     <span class='ocr_line' id='line_1_13' title="bbox 245 1765 1352 1850; baseline -0.002 -20"><span class='ocrx_word' id='word_1_107' title='bbox 245 1769 377 1850; x_wconf 79' lang='lat' dir='ltr'><strong>inposuit</strong></span> <span class='ocrx_word' id='word_1_108' title='bbox 395 1786 455 1828; x_wconf 90' lang='lat' dir='ltr'><strong>non</strong></span> <span class='ocrx_word' id='word_1_109' title='bbox 475 1768 587 1830; x_wconf 88' lang='lat' dir='ltr'><strong>habent</strong></span> <span class='ocrx_word' id='word_1_110' title='bbox 600 1767 718 1828; x_wconf 80' lang='lat' dir='ltr'><strong>facilem</strong></span> <span class='ocrx_word' id='word_1_111' title='bbox 733 1765 923 1846; x_wconf 88' lang='lat' dir='ltr'><strong>explicatum.</strong></span> <span class='ocrx_word' id='word_1_112' title='bbox 960 1767 1035 1827; x_wconf 89' lang='lat' dir='ltr'><strong>haec</strong></span> <span class='ocrx_word' id='word_1_113' title='bbox 1049 1767 1151 1828; x_wconf 89' lang='lat' dir='ltr'><strong>autem</strong></span> <span class='ocrx_word' id='word_1_114' title='bbox 1164 1768 1230 1828; x_wconf 89' lang='lat' dir='ltr'><strong>erat</strong></span> <span class='ocrx_word' id='word_1_115' title='bbox 1243 1770 1352 1847; x_wconf 91' lang='lat' dir='ltr'><strong>poetae</strong></span> 
     </span>
     <span class='ocr_line' id='line_1_14' title="bbox 246 1868 1352 1952; baseline -0.001 -20"><span class='ocrx_word' id='word_1_116' title='bbox 246 1890 346 1949; x_wconf 90' lang='lat' dir='ltr'><strong>mens,</strong></span> <span class='ocrx_word' id='word_1_117' title='bbox 374 1869 480 1931; x_wconf 80' lang='lat' dir='ltr'><strong>Iovem</strong></span> <span class='ocrx_word' id='word_1_118' title='bbox 502 1887 570 1948; x_wconf 87' lang='lat' dir='ltr'><strong>cum</strong></span> <span class='ocrx_word' id='word_1_119' title='bbox 591 1869 691 1951; x_wconf 79' lang='lat' dir='ltr'><strong>Iapeti</strong></span> <span class='ocrx_word' id='word_1_120' title='bbox 712 1873 780 1952; x_wconf 81' lang='lat' dir='ltr'><strong>port</strong></span> <span class='ocrx_word' id='word_1_121' title='bbox 799 1871 879 1932; x_wconf 89' lang='lat' dir='ltr'><strong>bella</strong></span> <span class='ocrx_word' id='word_1_122' title='bbox 900 1872 994 1932; x_wconf 80' lang='lat' dir='ltr'><strong>tracto</strong></span> <span class='ocrx_word' id='word_1_123' title='bbox 1014 1868 1216 1951; x_wconf 83' lang='lat' dir='ltr'><strong>Phleqraeqae</strong></span> <span class='ocrx_word' id='word_1_124' title='bbox 1236 1870 1352 1933; x_wconf 78' lang='lat' dir='ltr'><strong>labores</strong></span> 
     </span>
     <span class='ocr_line' id='line_1_15' title="bbox 245 1971 1352 2054; baseline -0.003 -19"><span class='ocrx_word' id='word_1_125' title='bbox 245 1974 361 2054; x_wconf 88' lang='lat' dir='ltr'><strong>regiam</strong></span> <span class='ocrx_word' id='word_1_126' title='bbox 381 1992 467 2034; x_wconf 89' lang='lat' dir='ltr'><strong>suam</strong></span> <span class='ocrx_word' id='word_1_127' title='bbox 486 1971 504 2034; x_wconf 91' lang='lat' dir='ltr'><strong>i.</strong></span> <span class='ocrx_word' id='word_1_128' title='bbox 517 1992 542 2034; x_wconf 87' lang='grc'><strong>6.</strong></span> <span class='ocrx_word' id='word_1_129' title='bbox 558 1973 675 2032; x_wconf 87' lang='lat' dir='ltr'><strong>caelum</strong></span> <span class='ocrx_word' id='word_1_130' title='bbox 687 1973 881 2047; x_wconf 83' lang='lat' dir='ltr'><strong>obtinuisset,</strong></span> <span class='ocrx_word' id='word_1_131' title='bbox 902 1990 938 2032; x_wconf 90' lang='lat' dir='ltr'><strong>ea</strong></span> <span class='ocrx_word' id='word_1_132' title='bbox 949 1991 984 2032; x_wconf 90' lang='lat' dir='ltr'><strong>re</strong></span> <span class='ocrx_word' id='word_1_133' title='bbox 997 1971 1126 2052; x_wconf 90' lang='lat' dir='ltr'><strong>primum</strong></span> <span class='ocrx_word' id='word_1_134' title='bbox 1139 1974 1170 2032; x_wconf 92' lang='lat' dir='ltr'><strong>et</strong></span> <span class='ocrx_word' id='word_1_135' title='bbox 1188 1971 1352 2053; x_wconf 86' lang='lat' dir='ltr'><strong>principem</strong></span> 
     </span>
     <span class='ocr_line' id='line_1_16' title="bbox 245 2074 1350 2158; baseline -0.004 -19"><span class='ocrx_word' id='word_1_136' title='bbox 245 2076 350 2139; x_wconf 90' lang='lat' dir='ltr'><strong>mundi</strong></span> <span class='ocrx_word' id='word_1_137' title='bbox 364 2075 558 2137; x_wconf 88' lang='lat' dir='ltr'><strong>constitutum</strong></span> <span class='ocrx_word' id='word_1_138' title='bbox 572 2094 648 2136; x_wconf 91' lang='lat' dir='ltr'><strong>esse.</strong></span> <span class='ocrx_word' id='word_1_139' title='bbox 676 2075 853 2155; x_wconf 90' lang='lat' dir='ltr'><strong>Wagnerus</strong></span> <span class='ocrx_word' id='word_1_140' title='bbox 867 2078 982 2158; x_wconf 73' lang='lat' dir='ltr'><strong>regiam</strong></span> <span class='ocrx_word' id='word_1_141' title='bbox 1002 2076 1126 2136; x_wconf 90' lang='lat' dir='ltr'><strong>deorum</strong></span> <span class='ocrx_word' id='word_1_142' title='bbox 1139 2074 1295 2136; x_wconf 89' lang='lat' dir='ltr'><strong>concilium</strong></span> <span class='ocrx_word' id='word_1_143' title='bbox 1306 2075 1350 2136; x_wconf 88' lang='lat' dir='ltr'><strong>in-</strong></span> 
     </span>
     <span class='ocr_line' id='line_1_17' title="bbox 245 2177 1352 2258; baseline -0.003 -15"><span class='ocrx_word' id='word_1_144' title='bbox 245 2180 373 2243; x_wconf 87' lang='lat' dir='ltr'><strong>tellexit.</strong></span> <span class='ocrx_word' id='word_1_145' title='bbox 387 2214 431 2224; x_wconf 93' lang='lat'>—</span> <span class='ocrx_word' id='word_1_146' title='bbox 453 2177 562 2239; x_wconf 80' lang='lat'>11139</span> <span class='ocrx_word' id='word_1_147' title='bbox 578 2197 633 2258; x_wconf 93' lang='lat' dir='ltr'><strong>pro</strong></span> <span class='ocrx_word' id='word_1_148' title='bbox 649 2180 802 2255; x_wconf 70' lang='lat' dir='ltr'><strong>literatus,</strong></span> <span class='ocrx_word' id='word_1_149' title='bbox 822 2179 967 2241; x_wconf 90' lang='lat' dir='ltr'><strong>librorum</strong></span> <span class='ocrx_word' id='word_1_150' title='bbox 987 2180 1173 2256; x_wconf 88' lang='lat' dir='ltr'><strong>testimonio,</strong></span> <span class='ocrx_word' id='word_1_151' title='bbox 1193 2178 1352 2241; x_wconf 67' lang='lat' dir='ltr'><strong>vellerellae</strong></span> 
     </span>
     <span class='ocr_line' id='line_1_18' title="bbox 247 2280 1352 2365; baseline -0.005 -18"><span class='ocrx_word' id='word_1_152' title='bbox 247 2305 315 2347; x_wconf 91' lang='lat' dir='ltr'><strong>cum</strong></span> <span class='ocrx_word' id='word_1_153' title='bbox 331 2304 372 2346; x_wconf 86' lang='lat' dir='ltr'><strong>ex</strong></span> <span class='ocrx_word' id='word_1_154' title='bbox 388 2282 518 2344; x_wconf 88' lang='lat' dir='ltr'><strong>editione</strong></span> <span class='ocrx_word' id='word_1_155' title='bbox 531 2281 642 2343; x_wconf 87' lang='lat' dir='ltr'><strong>Aldina</strong></span> <span class='ocrx_word' id='word_1_156' title='bbox 665 2283 702 2343; x_wconf 89' lang='lat' dir='ltr'><strong>ab</strong></span> <span class='ocrx_word' id='word_1_157' title='bbox 723 2283 859 2345; x_wconf 91' lang='lat' dir='ltr'><strong>omnibus</strong></span> <span class='ocrx_word' id='word_1_158' title='bbox 874 2283 1088 2365; x_wconf 81' lang='lat' dir='ltr'><strong>interpretibus</strong></span> <span class='ocrx_word' id='word_1_159' title='bbox 1102 2284 1257 2362; x_wconf 85' lang='lat' dir='ltr'><strong>receptum</strong></span> <span class='ocrx_word' id='word_1_160' title='bbox 1270 2280 1352 2342; x_wconf 84' lang='lat' dir='ltr'><strong>vide-</strong></span> 
     </span>
     <span class='ocr_line' id='line_1_19' title="bbox 245 2383 1350 2467; baseline -0.005 -17"><span class='ocrx_word' id='word_1_161' title='bbox 245 2408 325 2465; x_wconf 86' lang='lat' dir='ltr'><strong>rem,</strong></span> <span class='ocrx_word' id='word_1_162' title='bbox 354 2386 476 2467; x_wconf 88' lang='lat' dir='ltr'><strong>etipse</strong></span> <span class='ocrx_word' id='word_1_163' title='bbox 508 2385 602 2464; x_wconf 80' lang='lat' dir='ltr'><strong>posui</strong></span> <span class='ocrx_word' id='word_1_164' title='bbox 641 2386 721 2464; x_wconf 88' lang='lat' dir='ltr'><strong>quod</strong></span> <span class='ocrx_word' id='word_1_165' title='bbox 749 2405 821 2447; x_wconf 89' lang='lat' dir='ltr'><strong>uum</strong></span> <span class='ocrx_word' id='word_1_166' title='bbox 849 2389 932 2448; x_wconf 90' lang='lat' dir='ltr'><strong>recte</strong></span> <span class='ocrx_word' id='word_1_167' title='bbox 960 2386 1081 2448; x_wconf 88' lang='lat' dir='ltr'><strong>fecerim</strong></span> <span class='ocrx_word' id='word_1_168' title='bbox 1101 2405 1140 2446; x_wconf 88' lang='lat' dir='ltr'><strong>ne</strong></span> <span class='ocrx_word' id='word_1_169' title='bbox 1171 2383 1259 2446; x_wconf 90' lang='lat' dir='ltr'><strong>hodie</strong></span> <span class='ocrx_word' id='word_1_170' title='bbox 1288 2383 1350 2464; x_wconf 89' lang='lat' dir='ltr'><strong>qui-</strong></span> 
     </span>
     <span class='ocr_line' id='line_1_20' title="bbox 245 2487 1351 2570; baseline -0.005 -19"><span class='ocrx_word' id='word_1_171' title='bbox 245 2491 315 2551; x_wconf 90' lang='lat' dir='ltr'><strong>dem</strong></span> <span class='ocrx_word' id='word_1_172' title='bbox 345 2490 445 2550; x_wconf 87' lang='lat' dir='ltr'><strong>certus</strong></span> <span class='ocrx_word' id='word_1_173' title='bbox 473 2505 548 2546; x_wconf 85' lang='lat' dir='ltr'><strong>sum</strong></span> <span class='ocrx_word' id='word_1_174' title='bbox 591 2506 688 2566; x_wconf 90' lang='lat' dir='ltr'><strong>neque</strong></span> <span class='ocrx_word' id='word_1_175' title='bbox 718 2489 797 2548; x_wconf 91' lang='lat' dir='ltr'><strong>enim</strong></span> <span class='ocrx_word' id='word_1_176' title='bbox 826 2491 966 2550; x_wconf 88' lang='lat' dir='ltr'><strong>abhorret</strong></span> <span class='ocrx_word' id='word_1_177' title='bbox 993 2508 1012 2550; x_wconf 87' lang='grc'><strong>6</strong></span> <span class='ocrx_word' id='word_1_178' title='bbox 1038 2487 1262 2570; x_wconf 83' lang='lat' dir='ltr'><strong>probabilitate,</strong></span> <span class='ocrx_word' id='word_1_179' title='bbox 1290 2505 1351 2547; x_wconf 87' lang='lat' dir='ltr'><strong>una</strong></span> 
     </span>
     <span class='ocr_line' id='line_1_21' title="bbox 244 2589 1350 2670; baseline -0.007 -14"><span class='ocrx_word' id='word_1_180' title='bbox 244 2593 385 2656; x_wconf 74' lang='lat' dir='ltr'><strong>lo&#39;lenbus</strong></span> <span class='ocrx_word' id='word_1_181' title='bbox 411 2608 486 2650; x_wconf 88' lang='grc'><strong>1666</strong></span> <span class='ocrx_word' id='word_1_182' title='bbox 515 2590 702 2668; x_wconf 89' lang='lat' dir='ltr'><strong>significasse</strong></span> <span class='ocrx_word' id='word_1_183' title='bbox 722 2593 858 2670; x_wconf 88' lang='lat' dir='ltr'><strong>poetam,</strong></span> <span class='ocrx_word' id='word_1_184' title='bbox 886 2591 923 2651; x_wconf 90' lang='lat' dir='ltr'><strong>ab</strong></span> <span class='ocrx_word' id='word_1_185' title='bbox 940 2589 1116 2669; x_wconf 77' lang='lat' dir='ltr'><strong>Eurynome</strong></span> <span class='ocrx_word' id='word_1_186' title='bbox 1137 2589 1228 2654; x_wconf 82' lang='lat' dir='ltr'><strong>Codri</strong></span> <span class='ocrx_word' id='word_1_187' title='bbox 1254 2607 1350 2650; x_wconf 87' lang='lat' dir='ltr'><strong>uxore</strong></span> 
     </span>
     <span class='ocr_line' id='line_1_22' title="bbox 243 2692 1351 2772; baseline -0.005 -15"><span class='ocrx_word' id='word_1_188' title='bbox 243 2694 372 2757; x_wconf 79' lang='lat' dir='ltr'><strong>famulas</strong></span> <span class='ocrx_word' id='word_1_189' title='bbox 401 2692 546 2771; x_wconf 84' lang='lat' dir='ltr'><strong>fatigatas</strong></span> <span class='ocrx_word' id='word_1_190' title='bbox 572 2710 640 2753; x_wconf 92' lang='lat' dir='ltr'><strong>esse</strong></span> <span class='ocrx_word' id='word_1_191' title='bbox 668 2692 778 2754; x_wconf 90' lang='lat' dir='ltr'><strong>iterum</strong></span> <span class='ocrx_word' id='word_1_192' title='bbox 806 2692 974 2772; x_wconf 88' lang='lat' dir='ltr'><strong>iterumque</strong></span> <span class='ocrx_word' id='word_1_193' title='bbox 1002 2692 1040 2751; x_wconf 85' lang='lat' dir='ltr'><strong>ad</strong></span> <span class='ocrx_word' id='word_1_194' title='bbox 1060 2692 1149 2754; x_wconf 84' lang='lat' dir='ltr'><strong>litora</strong></span> <span class='ocrx_word' id='word_1_195' title='bbox 1169 2695 1294 2767; x_wconf 85' lang='lat' dir='ltr'><strong>missas,</strong></span> <span class='ocrx_word' id='word_1_196' title='bbox 1315 2695 1351 2752; x_wconf 89' lang='lat' dir='ltr'><strong>ut</strong></span> 
     </span>
     <span class='ocr_line' id='line_1_23' title="bbox 245 2795 1349 2879; baseline -0.004 -21"><span class='ocrx_word' id='word_1_197' title='bbox 245 2799 435 2879; x_wconf 87' lang='lat' dir='ltr'><strong>spectarent,</strong></span> <span class='ocrx_word' id='word_1_198' title='bbox 461 2814 534 2854; x_wconf 90' lang='lat' dir='ltr'><strong>num</strong></span> <span class='ocrx_word' id='word_1_199' title='bbox 556 2795 685 2857; x_wconf 87' lang='lat' dir='ltr'><strong>coniunx</strong></span> <span class='ocrx_word' id='word_1_200' title='bbox 709 2795 790 2856; x_wconf 88' lang='lat' dir='ltr'><strong>illius</strong></span> <span class='ocrx_word' id='word_1_201' title='bbox 810 2815 827 2854; x_wconf 92' lang='lat' dir='ltr'><strong>e</strong></span> <span class='ocrx_word' id='word_1_202' title='bbox 849 2795 977 2856; x_wconf 83' lang='lat' dir='ltr'><strong>Thracia</strong></span> <span class='ocrx_word' id='word_1_203' title='bbox 999 2795 1120 2856; x_wconf 89' lang='lat' dir='ltr'><strong>rediret.</strong></span> <span class='ocrx_word' id='word_1_204' title='bbox 1146 2832 1180 2841; x_wconf 97' lang='lat'><em>-</em></span> <span class='ocrx_word' id='word_1_205' title='bbox 1207 2796 1287 2876; x_wconf 90' lang='lat' dir='ltr'><strong>quod</strong></span> <span class='ocrx_word' id='word_1_206' title='bbox 1311 2795 1349 2854; x_wconf 88' lang='lat' dir='ltr'><strong>ab</strong></span> 
     </span>
     <span class='ocr_line' id='line_1_24' title="bbox 243 2895 1349 2981; baseline -0.005 -20"><span class='ocrx_word' id='word_1_207' title='bbox 243 2898 404 2980; x_wconf 91' lang='lat' dir='ltr'><strong>Apollonio</strong></span> <span class='ocrx_word' id='word_1_208' title='bbox 441 2901 579 2960; x_wconf 85' lang='lat' dir='ltr'><strong>accurate</strong></span> <span class='ocrx_word' id='word_1_209' title='bbox 607 2903 762 2960; x_wconf 87' lang='lat' dir='ltr'><strong>narratum</strong></span> <span class='ocrx_word' id='word_1_210' title='bbox 789 2903 854 2973; x_wconf 86' lang='lat' dir='ltr'><strong>est,</strong></span> <span class='ocrx_word' id='word_1_211' title='bbox 887 2895 1024 2979; x_wconf 88' lang='lat' dir='ltr'><strong>Orphea,</strong></span> <span class='ocrx_word' id='word_1_212' title='bbox 1058 2903 1217 2981; x_wconf 88' lang='lat' dir='ltr'><strong>postquam</strong></span> <span class='ocrx_word' id='word_1_213' title='bbox 1244 2915 1349 2959; x_wconf 89' lang='lat' dir='ltr'><strong>manes</strong></span> 
     </span>
     <span class='ocr_line' id='line_1_25' title="bbox 244 2999 1349 3083; baseline -0.003 -19"><span class='ocrx_word' id='word_1_214' title='bbox 244 3001 380 3064; x_wconf 79' lang='lat' dir='ltr'><strong>Stheneli</strong></span> <span class='ocrx_word' id='word_1_215' title='bbox 400 3003 565 3083; x_wconf 82' lang='lat' dir='ltr'><strong>placasset,</strong></span> <span class='ocrx_word' id='word_1_216' title='bbox 593 3021 686 3083; x_wconf 91' lang='lat' dir='ltr'><strong>prope</strong></span> <span class='ocrx_word' id='word_1_217' title='bbox 714 3020 796 3062; x_wconf 89' lang='lat' dir='ltr'><strong>oram</strong></span> <span class='ocrx_word' id='word_1_218' title='bbox 819 3000 978 3066; x_wconf 81' lang='lat' dir='ltr'><strong>Callichori</strong></span> <span class='ocrx_word' id='word_1_219' title='bbox 1008 3002 1104 3063; x_wconf 90' lang='lat' dir='ltr'><strong>amnis</strong></span> <span class='ocrx_word' id='word_1_220' title='bbox 1127 3001 1158 3064; x_wconf 89' lang='lat' dir='ltr'><strong>in</strong></span> <span class='ocrx_word' id='word_1_221' title='bbox 1182 3019 1236 3062; x_wconf 89' lang='lat' dir='ltr'><strong>ara</strong></span> <span class='ocrx_word' id='word_1_222' title='bbox 1256 2999 1349 3080; x_wconf 81' lang='lat' dir='ltr'><strong>Apol-</strong></span> 
     </span>
     <span class='ocr_line' id='line_1_26' title="bbox 243 3101 1348 3185; baseline -0.004 -17"><span class='ocrx_word' id='word_1_223' title='bbox 243 3106 296 3168; x_wconf 88' lang='lat' dir='ltr'><strong>lini</strong></span> <span class='ocrx_word' id='word_1_224' title='bbox 322 3101 463 3166; x_wconf 86' lang='lat' dir='ltr'><strong>extrhcta</strong></span> <span class='ocrx_word' id='word_1_225' title='bbox 487 3105 586 3185; x_wconf 88' lang='lat' dir='ltr'><strong>lyram</strong></span> <span class='ocrx_word' id='word_1_226' title='bbox 617 3123 702 3166; x_wconf 89' lang='lat' dir='ltr'><strong>suam</strong></span> <span class='ocrx_word' id='word_1_227' title='bbox 733 3106 789 3165; x_wconf 90' lang='lat' dir='ltr'><strong>deo</strong></span> <span class='ocrx_word' id='word_1_228' title='bbox 818 3103 992 3181; x_wconf 88' lang='lat' dir='ltr'><strong>dedicasse,</strong></span> <span class='ocrx_word' id='word_1_229' title='bbox 1019 3105 1100 3166; x_wconf 92' lang='lat' dir='ltr'><strong>unde</strong></span> <span class='ocrx_word' id='word_1_230' title='bbox 1128 3106 1212 3166; x_wconf 88' lang='lat' dir='ltr'><strong>locus</strong></span> <span class='ocrx_word' id='word_1_231' title='bbox 1240 3121 1348 3166; x_wconf 90' lang='lat' dir='ltr'><strong>nomen</strong></span> 
     </span>
     <span class='ocr_line' id='line_1_27' title="bbox 242 3207 1350 3287; baseline -0.004 -15"><span class='ocrx_word' id='word_1_232' title='bbox 242 3209 395 3284; x_wconf 87' lang='lat' dir='ltr'><strong>traxisset,</strong></span> <span class='ocrx_word' id='word_1_233' title='bbox 415 3209 446 3270; x_wconf 94' lang='lat' dir='ltr'><strong>id</strong></span> <span class='ocrx_word' id='word_1_234' title='bbox 462 3209 493 3270; x_wconf 90' lang='lat' dir='ltr'><strong>V</strong></span> <span class='ocrx_word' id='word_1_235' title='bbox 508 3213 571 3270; x_wconf 90' lang='lat'><strong>100</strong></span> <span class='ocrx_word' id='word_1_236' title='bbox 591 3208 639 3270; x_wconf 92' lang='lat' dir='ltr'><strong>his</strong></span> <span class='ocrx_word' id='word_1_237' title='bbox 658 3209 755 3270; x_wconf 90' lang='lat' dir='ltr'><strong>tribus</strong></span> <span class='ocrx_word' id='word_1_238' title='bbox 767 3208 867 3270; x_wconf 88' lang='lat' dir='ltr'><strong>verbis</strong></span> <span class='ocrx_word' id='word_1_239' title='bbox 884 3209 1025 3269; x_wconf 90' lang='lat' dir='ltr'><strong>Valerius</strong></span> <span class='ocrx_word' id='word_1_240' title='bbox 1039 3207 1221 3287; x_wconf 80' lang='lat' dir='ltr'><strong>significarit</strong></span> <span class='ocrx_word' id='word_1_241' title='bbox 1234 3227 1350 3269; x_wconf 74' lang='grc'><strong>1161166-</strong></span> 
     </span>
     <span class='ocr_line' id='line_1_28' title="bbox 243 3309 1349 3394; baseline -0.005 -19"><span class='ocrx_word' id='word_1_242' title='bbox 243 3331 298 3394; x_wconf 79' lang='lat' dir='ltr'><strong>qaae</strong></span> <span class='ocrx_word' id='word_1_243' title='bbox 325 3313 468 3394; x_wconf 74' lang='lat' dir='ltr'><strong>relinquit</strong></span> <span class='ocrx_word' id='word_1_244' title='bbox 494 3314 628 3390; x_wconf 80' lang='lat' dir='ltr'><strong>tarenis,</strong></span> <span class='ocrx_word' id='word_1_245' title='bbox 658 3331 735 3393; x_wconf 91' lang='lat' dir='ltr'><strong>quae</strong></span> <span class='ocrx_word' id='word_1_246' title='bbox 762 3327 849 3372; x_wconf 90' lang='lat' dir='ltr'><strong>nemo</strong></span> <span class='ocrx_word' id='word_1_247' title='bbox 876 3310 1081 3392; x_wconf 86' lang='lat' dir='ltr'><strong>intellegeret,</strong></span> <span class='ocrx_word' id='word_1_248' title='bbox 1111 3309 1168 3371; x_wconf 90' lang='lat' dir='ltr'><strong>nisi</strong></span> <span class='ocrx_word' id='word_1_249' title='bbox 1196 3309 1349 3389; x_wconf 87' lang='lat' dir='ltr'><strong>Apollonii</strong></span> 
     </span>
     <span class='ocr_line' id='line_1_29' title="bbox 243 3412 1348 3500; baseline -0.003 -24"><span class='ocrx_word' id='word_1_250' title='bbox 243 3433 362 3476; x_wconf 80' lang='lat' dir='ltr'><strong>carmen</strong></span> <span class='ocrx_word' id='word_1_251' title='bbox 389 3416 575 3476; x_wconf 90' lang='lat' dir='ltr'><strong>haberemus.</strong></span> <span class='ocrx_word' id='word_1_252' title='bbox 610 3434 699 3496; x_wconf 89' lang='lat' dir='ltr'><strong>quam</strong></span> <span class='ocrx_word' id='word_1_253' title='bbox 721 3417 758 3476; x_wconf 93' lang='lat' dir='ltr'><strong>ob</strong></span> <span class='ocrx_word' id='word_1_254' title='bbox 780 3434 845 3475; x_wconf 91' lang='lat' dir='ltr'><strong>rem</strong></span> <span class='ocrx_word' id='word_1_255' title='bbox 858 3412 861 3418; x_wconf 80' lang='grc'>’</span> <span class='ocrx_word' id='word_1_256' title='bbox 873 3416 904 3474; x_wconf 89' lang='grc'><strong>61</strong></span> <span class='ocrx_word' id='word_1_257' title='bbox 931 3433 999 3475; x_wconf 87' lang='grc'><strong>66111</strong></span> <span class='ocrx_word' id='word_1_258' title='bbox 1018 3414 1050 3474; x_wconf 92' lang='lat' dir='ltr'><strong>in</strong></span> <span class='ocrx_word' id='word_1_259' title='bbox 1070 3416 1249 3500; x_wconf 20' lang='grc'><strong>1616111100</strong></span> <span class='ocrx_word' id='word_1_260' title='bbox 1270 3431 1348 3493; x_wconf 90' lang='lat' dir='ltr'><strong>quae</strong></span> 
     </span>
     <span class='ocr_line' id='line_1_30' title="bbox 242 3516 1349 3598; baseline 0.001 -19"><span class='ocrx_word' id='word_1_261' title='bbox 242 3520 313 3579; x_wconf 86' lang='lat' dir='ltr'><strong>ante</strong></span> <span class='ocrx_word' id='word_1_262' title='bbox 340 3519 587 3598; x_wconf 88' lang='lat' dir='ltr'><strong>penthemimerin</strong></span> <span class='ocrx_word' id='word_1_263' title='bbox 626 3520 697 3580; x_wconf 91' lang='lat' dir='ltr'><strong>sunt</strong></span> <span class='ocrx_word' id='word_1_264' title='bbox 730 3516 917 3578; x_wconf 88' lang='lat' dir='ltr'><strong>librariorum</strong></span> <span class='ocrx_word' id='word_1_265' title='bbox 948 3517 1144 3596; x_wconf 90' lang='lat' dir='ltr'><strong>neglegentia</strong></span> <span class='ocrx_word' id='word_1_266' title='bbox 1178 3517 1253 3580; x_wconf 88' lang='lat' dir='ltr'><strong>adeo</strong></span> <span class='ocrx_word' id='word_1_267' title='bbox 1287 3518 1349 3580; x_wconf 90' lang='lat' dir='ltr'><strong>siut</strong></span> 
     </span>
     <span class='ocr_line' id='line_1_31' title="bbox 242 3619 1348 3701; baseline 0.001 -19"><span class='ocrx_word' id='word_1_268' title='bbox 242 3622 396 3701; x_wconf 87' lang='lat' dir='ltr'><strong>corrupta,</strong></span> <span class='ocrx_word' id='word_1_269' title='bbox 435 3624 470 3682; x_wconf 92' lang='lat' dir='ltr'><strong>ut</strong></span> <span class='ocrx_word' id='word_1_270' title='bbox 497 3622 556 3683; x_wconf 88' lang='lat' dir='ltr'><strong>nisi</strong></span> <span class='ocrx_word' id='word_1_271' title='bbox 584 3621 689 3684; x_wconf 88' lang='lat' dir='ltr'><strong>audaci</strong></span> <span class='ocrx_word' id='word_1_272' title='bbox 716 3620 790 3681; x_wconf 90' lang='lat' dir='ltr'><strong>satis</strong></span> <span class='ocrx_word' id='word_1_273' title='bbox 823 3621 855 3680; x_wconf 92' lang='grc'><strong>61</strong></span> <span class='ocrx_word' id='word_1_274' title='bbox 882 3619 998 3681; x_wconf 86' lang='lat' dir='ltr'><strong>incerta</strong></span> <span class='ocrx_word' id='word_1_275' title='bbox 1024 3621 1195 3683; x_wconf 89' lang='lat' dir='ltr'><strong>coniectura</strong></span> <span class='ocrx_word' id='word_1_276' title='bbox 1227 3621 1348 3684; x_wconf 86' lang='lat' dir='ltr'><strong>restitui</strong></span> 
     </span>
     <span class='ocr_line' id='line_1_32' title="bbox 241 3721 1348 3802; baseline 0.003 -19"><span class='ocrx_word' id='word_1_277' title='bbox 241 3741 302 3784; x_wconf 93' lang='lat' dir='ltr'><strong>non</strong></span> <span class='ocrx_word' id='word_1_278' title='bbox 323 3721 490 3802; x_wconf 86' lang='lat' dir='ltr'><strong>potuerint,</strong></span> <span class='ocrx_word' id='word_1_279' title='bbox 519 3724 731 3786; x_wconf 84' lang='grc'><strong>16161161666</strong></span> <span class='ocrx_word' id='word_1_280' title='bbox 761 3731 800 3788; x_wconf 87' lang='grc'><strong>99</strong></span> <span class='ocrx_word' id='word_1_281' title='bbox 826 3727 942 3786; x_wconf 89' lang='grc'><strong>61100</strong></span> <span class='ocrx_word' id='word_1_282' title='bbox 970 3723 1085 3785; x_wconf 88' lang='lat' dir='ltr'><strong>hiatum</strong></span> <span class='ocrx_word' id='word_1_283' title='bbox 1111 3744 1172 3786; x_wconf 92' lang='lat' dir='ltr'><strong>non</strong></span> <span class='ocrx_word' id='word_1_284' title='bbox 1197 3724 1348 3786; x_wconf 85' lang='grc'><strong>1111166666</strong></span> 
     </span>
     <span class='ocr_line' id='line_1_33' title="bbox 241 3825 1348 3909; baseline 0.002 -23"><span class='ocrx_word' id='word_1_285' title='bbox 241 3843 322 3887; x_wconf 88' lang='lat' dir='ltr'><strong>nuno</strong></span> <span class='ocrx_word' id='word_1_286' title='bbox 348 3825 543 3888; x_wconf 82' lang='lat' dir='ltr'><strong>vehementer</strong></span> <span class='ocrx_word' id='word_1_287' title='bbox 570 3846 619 3887; x_wconf 93' lang='lat' dir='ltr'><strong>me</strong></span> <span class='ocrx_word' id='word_1_288' title='bbox 647 3828 790 3909; x_wconf 86' lang='lat' dir='ltr'><strong>paenitet.</strong></span> <span class='ocrx_word' id='word_1_289' title='bbox 811 3863 854 3872; x_wconf 94' lang='lat'>—</span> <span class='ocrx_word' id='word_1_290' title='bbox 881 3825 933 3887; x_wconf 90' lang='grc' dir='ltr'><strong>ΠΙ</strong></span> <span class='ocrx_word' id='word_1_291' title='bbox 955 3829 1018 3889; x_wconf 83' lang='grc'><strong>598</strong></span> <span class='ocrx_word' id='word_1_292' title='bbox 1041 3846 1104 3909; x_wconf 91' lang='lat' dir='ltr'><strong>sqq.</strong></span> <span class='ocrx_word' id='word_1_293' title='bbox 1127 3847 1196 3888; x_wconf 89' lang='lat' dir='ltr'><strong>eum</strong></span> <span class='ocrx_word' id='word_1_294' title='bbox 1223 3828 1348 3908; x_wconf 89' lang='lat' dir='ltr'><strong>propter</strong></span> 
     </span>
     <span class='ocr_line' id='line_1_34' title="bbox 241 3926 1346 4012; baseline 0.002 -24"><span class='ocrx_word' id='word_1_295' title='bbox 241 3926 409 4005; x_wconf 87' lang='lat' dir='ltr'><strong>sententiae</strong></span> <span class='ocrx_word' id='word_1_296' title='bbox 430 3927 637 3990; x_wconf 88' lang='lat' dir='ltr'><strong>difficultatem</strong></span> <span class='ocrx_word' id='word_1_297' title='bbox 658 3932 724 3992; x_wconf 87' lang='grc'><strong>111111</strong></span> <span class='ocrx_word' id='word_1_298' title='bbox 744 3933 868 4012; x_wconf 89' lang='lat' dir='ltr'><strong>propter</strong></span> <span class='ocrx_word' id='word_1_299' title='bbox 886 3929 1095 3992; x_wconf 87' lang='lat' dir='ltr'><strong>auctoritatem</strong></span> <span class='ocrx_word' id='word_1_300' title='bbox 1109 3949 1220 4006; x_wconf 88' lang='lat' dir='ltr'><strong>eorum,</strong></span> <span class='ocrx_word' id='word_1_301' title='bbox 1244 3929 1294 4010; x_wconf 93' lang='lat' dir='ltr'><strong>qui</strong></span> <span class='ocrx_word' id='word_1_302' title='bbox 1308 3930 1346 3991; x_wconf 93' lang='lat' dir='ltr'><strong>iis</strong></span> 
     </span>
     <span class='ocr_line' id='line_1_35' title="bbox 241 4029 1346 4114; baseline 0.003 -22"><span class='ocrx_word' id='word_1_303' title='bbox 241 4029 435 4093; x_wconf 89' lang='lat' dir='ltr'><strong>emendandis</strong></span> <span class='ocrx_word' id='word_1_304' title='bbox 461 4050 582 4111; x_wconf 88' lang='lat' dir='ltr'><strong>operam</strong></span> <span class='ocrx_word' id='word_1_305' title='bbox 611 4033 775 4109; x_wconf 91' lang='lat' dir='ltr'><strong>dederunt,</strong></span> <span class='ocrx_word' id='word_1_306' title='bbox 804 4034 971 4096; x_wconf 89' lang='lat' dir='ltr'><strong>uberiorem</strong></span> <span class='ocrx_word' id='word_1_307' title='bbox 997 4033 1053 4094; x_wconf 88' lang='lat' dir='ltr'><strong>sibi</strong></span> <span class='ocrx_word' id='word_1_308' title='bbox 1080 4033 1220 4112; x_wconf 82' lang='lat' dir='ltr'><strong>flagitant</strong></span> <span class='ocrx_word' id='word_1_309' title='bbox 1243 4033 1346 4114; x_wconf 90' lang='lat' dir='ltr'><strong>dispu-</strong></span> 
     </span>
     <span class='ocr_line' id='line_1_36' title="bbox 240 4135 1346 4219; baseline -0.001 -23"><span class='ocrx_word' id='word_1_310' title='bbox 240 4135 392 4196; x_wconf 86' lang='lat' dir='ltr'><strong>tationem.</strong></span> <span class='ocrx_word' id='word_1_311' title='bbox 435 4135 501 4214; x_wconf 88' lang='lat' dir='ltr'><strong>ipse</strong></span> <span class='ocrx_word' id='word_1_312' title='bbox 525 4135 583 4196; x_wconf 90' lang='lat' dir='ltr'><strong>nisi</strong></span> <span class='ocrx_word' id='word_1_313' title='bbox 601 4137 684 4216; x_wconf 84' lang='lat' dir='ltr'><strong>quod</strong></span> <span class='ocrx_word' id='word_1_314' title='bbox 705 4136 978 4219; x_wconf 84' lang='lat' dir='ltr'><strong>Eyssenhardtium</strong></span> <span class='ocrx_word' id='word_1_315' title='bbox 1001 4137 1123 4197; x_wconf 84' lang='grc'><strong>66661116</strong></span> <span class='ocrx_word' id='word_1_316' title='bbox 1145 4154 1200 4216; x_wconf 87' lang='lat' dir='ltr'><strong>pro</strong></span> <span class='ocrx_word' id='word_1_317' title='bbox 1220 4153 1346 4213; x_wconf 84' lang='lat' dir='ltr'><strong>moraes,</strong></span> 
     </span>
     <span class='ocr_line' id='line_1_37' title="bbox 240 4237 1344 4321; baseline 0.001 -23"><span class='ocrx_word' id='word_1_318' title='bbox 240 4255 318 4318; x_wconf 88' lang='lat' dir='ltr'><strong>quae</strong></span> <span class='ocrx_word' id='word_1_319' title='bbox 337 4240 387 4299; x_wconf 89' lang='lat' dir='ltr'><strong>est</strong></span> <span class='ocrx_word' id='word_1_320' title='bbox 403 4238 542 4300; x_wconf 84' lang='lat' dir='ltr'><strong>Vaticani</strong></span> <span class='ocrx_word' id='word_1_321' title='bbox 563 4239 718 4321; x_wconf 89' lang='lat' dir='ltr'><strong>scriptura,</strong></span> <span class='ocrx_word' id='word_1_322' title='bbox 741 4259 826 4302; x_wconf 81' lang='lat' dir='ltr'><strong>mora</strong></span> <span class='ocrx_word' id='word_1_323' title='bbox 847 4242 890 4302; x_wconf 84' lang='lat' dir='ltr'><strong>est</strong></span> <span class='ocrx_word' id='word_1_324' title='bbox 911 4239 1026 4320; x_wconf 90' lang='lat' dir='ltr'><strong>scripsi,</strong></span> <span class='ocrx_word' id='word_1_325' title='bbox 1044 4238 1188 4300; x_wconf 89' lang='lat' dir='ltr'><strong>librorum</strong></span> <span class='ocrx_word' id='word_1_326' title='bbox 1209 4237 1344 4299; x_wconf 86' lang='lat' dir='ltr'><strong>testimo·</strong></span> 
     </span>
     <span class='ocr_line' id='line_1_38' title="bbox 240 4340 1345 4425; baseline 0.002 -23"><span class='ocrx_word' id='word_1_327' title='bbox 240 4340 324 4402; x_wconf 92' lang='lat' dir='ltr'><strong>nium</strong></span> <span class='ocrx_word' id='word_1_328' title='bbox 334 4359 394 4403; x_wconf 91' lang='lat' dir='ltr'><strong>non</strong></span> <span class='ocrx_word' id='word_1_329' title='bbox 408 4342 530 4405; x_wconf 84' lang='grc'><strong>16111611.</strong></span> <span class='ocrx_word' id='word_1_330' title='bbox 561 4343 673 4405; x_wconf 89' lang='lat' dir='ltr'><strong>etenim</strong></span> <span class='ocrx_word' id='word_1_331' title='bbox 689 4343 769 4425; x_wconf 91' lang='lat' dir='ltr'><strong>quod</strong></span> <span class='ocrx_word' id='word_1_332' title='bbox 787 4343 879 4405; x_wconf 90' lang='lat' dir='ltr'><strong>estin</strong></span> <span class='ocrx_word' id='word_1_333' title='bbox 895 4341 1016 4406; x_wconf 85' lang='lat' dir='ltr'><strong>Valerio</strong></span> <span class='ocrx_word' id='word_1_334' title='bbox 1030 4341 1188 4405; x_wconf 82' lang='lat' dir='ltr'><strong>brevitatis</strong></span> <span class='ocrx_word' id='word_1_335' title='bbox 1203 4340 1345 4420; x_wconf 88' lang='lat' dir='ltr'><strong>studium,</strong></span> 
     </span>
    </p>
   </div>
   <div class='ocr_carea' id='block_1_4' title="bbox 0 0 1548 4968">
    <p class='ocr_par' dir='ltr' id='par_1_4' title="bbox 0 0 1548 4968">
     <span class='ocr_line' id='line_1_39' title="bbox 0 0 1548 4968; baseline 0 2"><span class='ocrx_word' id='word_1_336' title='bbox 0 0 1548 4968; x_wconf 95' lang='lat' dir='ltr'><strong> </strong></span> 
     </span>
    </p>
   </div>
  </div>
 </body>
</html>
