3086 4968
684 437 774 478 enm
793 439 814 479 1.
1258 439 1304 480 VH

201 605 344 684 Thyestae
378 604 525 677 scribant3
554 598 682 663 Flaccus
715 595 919 684 qui'loquens
948 603 1099 665 inducitur
1125 621 1194 664 uum
1218 606 1302 686 apina

134 752 138 760 .
193 706 252 766 illa
273 705 406 767 carmina
427 725 530 766 omnes
551 705 675 766 laudare
697 705 800 768 mirari
822 707 948 768 adorare
969 705 1170 788 responderit,
1190 707 1222 768 id
1243 708 1302 770 lar-

196 810 280 887 gitur
302 809 422 888 quidem
442 807 743 889 poetaBilbilitanus‚
767 813 821 872 sed
842 829 898 872 sua
919 809 1004 871 addit
1025 811 1062 870 ab
1077 809 1213 870 omnibus
1231 811 1301 890 legi.

197 913 275 992 quod
306 931 426 972 carmen
459 909 510 992 qui
541 911 579 971 ad
605 912 761 973 Valerium
792 911 928 974 referunt
958 912 1139 973 dedecorant
1168 913 1302 992 prolecto

196 1014 284 1076 Plinii
306 1015 530 1089 auctoritatem,
551 1014 602 1092 qui
622 1033 682 1075 non
703 1016 775 1077 salis
797 1019 928 1092 tantum,
950 1015 1005 1076 sed
1024 1013 1104 1075 fellis
1125 1013 1216 1076 etiarn
1234 1018 1301 1097 plu-

196 1119 305 1179 rimam
328 1119 470 1179 habuisse
492 1117 663 1179 Martialem
691 1118 768 1179 dixit
795 1121 873 1200 (epp.
892 1118 943 1182 111
967 1119 1029 1195 21).
1056 1117 1128 1197 quid
1150 1117 1245 1180 enim?
1275 1121 1302 1180 si

197 1220 338 1281 Valerius
359 1221 397 1280 de
423 1220 659 1301 epigrammaton
681 1223 876 1299 generatam
899 1240 1006 1282 severe
1023 1221 1202 1296 iudicasset,
1229 1239 1302 1282 num

133 1316 135 1321 ’
196 1323 367 1384 Martialem
394 1324 504 1384 iustam
533 1324 590 1384 hac
618 1323 737 1402 qnidam
765 1325 796 1384 in
821 1343 855 1384 re
877 1323 1095 1402 malignitatem
1116 1324 1192 1384 adeo
1211 1325 1301 1403 putas

198 1445 438 1507 compressurum
458 1408 617 1508 1111111111
637 1427 717 1488 inter
737 1445 790 1486 eas
811 1427 928 1488 fabulas
948 1445 1023 1506 quas
1044 1424 1120 1506 epici
1140 1429 1249 1506 poetae
1270 1426 1301 1486 in

197 1531 300 1612 primis
323 1530 498 1592 adamarent
517 1527 792 1608 Argonauticorum
816 1529 997 1590 mentionem
1023 1547 1083 1590 non
1105 1528 1238 1590 faceret?
1262 1561 1301 1574 -·

198 1633 298 1696 octavi
324 1633 392 1694 libri
418 1632 636 1712 epigrammate
661 1634 907 1713 quinquagesimo
938 1637 1026 1693 sexto
1048 1629 1199 1718 1111111111
1216 1629 1303 1716 Flaa5

198 1759 266 1798 curn
285 1737 425 1798 miratum
449 1755 518 1796 asse
541 1742 652 1812 narrat,
674 1738 754 1816 quod
775 1737 806 1797 in
822 1738 906 1798 tanta
922 1754 1023 1796 rerum
1038 1732 1156 1795 fortiter
1170 1735 1201 1793 et
1216 1751 1303 1813 agre·

198 1843 248 1921 gie
269 1845 424 1921 gestarum
452 1841 538 1920 copia
556 1859 617 1901 non
639 1840 786 1900 existeret
805 1839 891 1900 Maro
914 1838 1037 1917 aliquis,
1063 1838 1114 1917 qui
1142 1856 1195 1898 eas
1218 1837 1302 1916 epioo

199 1947 328 2007 carmine
349 1945 500 2005 laudaret:
523 1942 601 2023 quod
623 1946 715 2022 poeta
735 1942 778 2004 ita
790 1942 928 2022 explicat,
942 1943 977 2002 ut
989 1939 1182 2001 Maecenates
1195 1939 1302 1999 deesse

197 2049 283 2110 dicat.
316 2049 370 2108 sed
387 2047 488 2108 Flacci
511 2045 751 2106 observationem
772 2044 855 2106 illam
876 2063 963 2104 nemo
984 2061 1044 2103 non
1063 2041 1178 2104 videbit
1196 2061 1304 2122 parum

198 2151 366 2211 consentire
396 2169 464 2208 cum
492 2148 529 2208 iis
555 2167 632 2229 quae
654 2147 795 2208 Valerius
823 2148 854 2208 in
884 2145 1023 2208 carminis
1052 2145 1100 2205 sui
1120 2145 1242 2207 exordio
1264 2147 1303 2206 de

197 2253 365 2314 Domitiano
386 2252 581 2327 vaticinatur,
602 2271 671 2311 eum
691 2253 849 2311 cantarum
870 2268 939 2309 csse
959 2248 1171 2327 Hierosolyma
1192 2267 1211 2308 a
1233 2247 1302 2307 Tito

197 2356 311 2434 deleta,
340 2374 417 2434 quae
445 2353 565 2432 quidem
593 2353 795 2433 discrepantia
823 2373 858 2413 eo
887 2351 985 2429 magis
1013 2349 1136 2412 ridetur
1158 2368 1301 2411 memora-

197 2459 279 2535 bilis,
306 2457 385 2539 quod
417 2460 541 2517 octavus
567 2435 910 2536 epigrammaton'liber
932 2453 1101 2515 Domitiano
1128 2450 1302 2512 aMartiali

197 2563 352 2623 dedicatus
383 2563 437 2620 est.
482 2579 578 2638 neque
603 2562 704 2619 tamen
732 2578 781 2618 me
811 2557 890 2636 sugit
915 2555 1003 2619 huius
1034 2553 1302 2634 argumentationis

197 2667 244 2726 vis
262 2685 351 2746 quam
373 2661 460 2724 facile
482 2680 517 2720 ec
539 2661 636 2740 possit
653 2660 790 2740 infringi,
814 2661 893 2740 quod
915 2665 996 2722 recte
1019 2680 1037 2721 1
1059 2659 1155 2720 doctis
1178 2657 1301 2718 homini-

196 2770 252 2830 bus
271 2767 402 2848 positum
423 2785 493 2825 csse
514 2765 590 2824 infra
609 2764 876 2840 demonstrabitur,
896 2763 1012 2828 Valerii
1031 2779 1153 2824 carmen
1175 2757 1212 2818 ab
1234 2754 1300 2838 ipso

196 2891 255 2931 non
277 2871 391 2930 editum
413 2887 497 2928 esse:
527 2869 562 2927 ut
590 2886 667 2947 qnae
688 2868 739 2927 ille
759 2868 797 2928 de
818 2868 986 2930 Domitiano
1008 2862 1202 2946 praedixerat
1220 2859 1302 2920 Mar-

195 2975 259 3036 tiali
282 2973 401 3052 cognita
422 2970 517 3030 fuisse
538 2989 612 3030 vero
637 2970 677 3030 sit
692 2970 843 3030 dissimile.
879 2971 933 3032 sed
945 2970 1090 3030 recitasse
1105 2967 1188 3027 certe
1203 2963 1301 3041 Argo·

195 3079 314 3139 nautica
335 3094 391 3136 sua
405 3073 560 3134 Valerium
575 3092 592 3132 e
607 3071 747 3133 Juvenali
770 3073 836 3151 (sat.
850 3071 868 3133 Ι
885 3075 915 3150 7)
937 3073 1057 3150 conici0,
1079 3070 1129 3152 qui
1145 3088 1212 3128 cum
1226 3066 1301 3126 nulli

197 3182 316 3242 domum
337 3197 423 3238 suam
444 3175 541 3253 magis
565 3177 665 3235 notam
687 3195 756 3236 esse
780 3176 859 3254 dicit,
881 3195 971 3255 quam
994 3175 1049 3236 sibi
1070 3175 1171 3235 lucum
1184 3170 1302 3246 Martis,

195 3303 255 3344 non
278 3281 380 3344 dubito
403 3279 475 3358 quin
495 3281 632 3340 nostrum
650 3281 771 3358 poetam
791 3281 921 3340 voluerit
940 3285 1075 3356 tangere.
1109 3279 1141 3338 11
1159 3275 1215 3335 hoc
1231 3276 1302 3334 utut

196 3393 260 3462 est,
292 3405 333 3446 cx
361 3384 398 3444 iis
426 3401 502 3462 quae
532 3381 570 3440 de
599 3381 696 3442 tribus
721 3381 782 3440 illis
801 3381 950 3443 Martialis
977 3379 1157 3442 carminibus
1182 3377 1300 3458 prolata

197 3492 276 3566 sunt,
296 3488 475 3549 Patauinum
497 3483 590 3544 titisse
605 3482 760 3544 Valerium
776 3485 808 3543 et
823 3485 970 3546 Martialis
984 3483 1120 3560 amicum,
1138 3501 1193 3563 pro
1208 3479 1299 3542 certis

196 3591 315 3672 quidem
335 3609 395 3649 non
417 3588 514 3666 magis
537 3588 694 3666 quisquam
717 3583 885 3662 affirmabit,
907 3607 996 3669 quam
1020 3605 1096 3668 quae
1115 3586 1239 3646 Dureau
1261 3583 1300 3643 de

195 3695 329 3758 Lamalle
352 3694 390 3753 de
412 3693 511 3752 aetate
531 3688 757 3768 magistratibus
775 3689 931 3752 itineribus
948 3691 1050 3752 amicis
1067 3689 1199 3750 moribus
1217 3685 1300 3746 deni·

196 3817 255 3876 que
282 3799 390 3876 poetae
417 3815 435 3855 e
457 3793 589 3854 Martiali
608 3792 809 3872 deprompsit3
839 3813 915 3873 quae
939 3795 1108 3856 commenta
1128 3789 1231 3851 taedet
1251 3805 1300 3848 me

195 3903 252 3962 hoc
280 3887 348 3961 loce
371 3899 519 3978 repetere,
556 3896 657 3976 itaque
688 3913 765 3974 qnae
792 3904 883 3975 pocta
910 3897 976 3977 ipse
1005 3897 1043 3957 de
1072 3897 1171 3956 aetate
1192 3910 1248 3952 sua
1269 3891 1302 3952 et

194 4004 287 4065 rebus
307 4001 452 4080 prodidit,
476 4019 512 4060 ea
534 3998 666 4060 tenenda
689 4001 769 4074 sunt,
789 3999 953 4060 dubitanda
974 4019 1052 4078 quae
1074 4017 1092 4058 e
1112 3993 1243 4057 Martiali
1262 3991 1301 4054 de

196 4126 232 4168 ee
252 4104 386 4165 homines
408 4103 488 4164 docti
508 4101 701 4180 repetierunt.
994 4090 998 4098 ’

308 4205 355 4266 111
389 4210 455 4267 arte
483 4204 599 4268 Valerii
629 4203 833 4276 Quintilianus
863 4223 952 4283 quam
983 4199 1143 4262 honorifice
1175 4200 1306 4264 senserit

197 4331 250 4373 am
275 4311 401 4391 saepius
419 4308 606 4390 significavi.
640 4311 709 4390 post
729 4311 852 4369 renatas
871 4307 989 4368 litteras
1016 4323 1195 4386 quamquam
1216 4304 1309 4384 longe
