3132 4968
677 389 700 430 0.
715 387 822 430 venum
835 385 935 429 rucei

337 560 426 622 quem
444 541 558 605 metus:
577 561 675 621 usque
696 561 791 602 novos
812 540 900 602 divae
919 537 1055 602 melioris·
1073 539 1113 601 ad
1133 538 1214 620 ignis

338 645 413 708 urbe
434 643 542 707 sedent
562 645 635 706 laeti
654 641 778 724 Minyae
798 642 958 724 viduisque
978 645 1122 706 vacantes
1204 685 1208 690 -
1296 647 1361 706 370

338 747 498 828 indulgent
519 747 676 822 thalamis,
696 745 873 827 nimbosque
895 746 1024 808 educere
1045 747 1130 824 luxu,

338 871 395 913 neo
416 852 476 913 iam
498 850 577 911 velle
599 850 681 926 vias,
702 849 909 930 zephyrosque
931 849 1037 911 audire
1058 853 1203 912 vocantes

341 953 547 1028 dissimulant,
571 953 665 1014 donec
686 951 802 1012 resides
826 949 1002 1030 Tirynthius
1024 952 1113 1014 heros

338 1075 400 1119 non
420 1056 506 1134 tulit,
527 1057 594 1137 ipse
616 1056 675 1117 rati
696 1053 857 1134 invigilans
880 1051 978 1132 adque
999 1052 1118 1134 integer
1139 1055 1230 1116 urbis.

339 1159 485 1222 invidisse
507 1159 581 1219 deos
603 1162 718 1221 tantum
740 1157 832 1218 maris
855 1175 967 1235 aequor
988 1146 1101 1218 adortis
1157 1161 1160 1166 '
1298 1161 1361 1221 375

341 1365 538 1446 desertasque
560 1363 680 1442 domos,
703 1363 900 1443 fraudataque
922 1364 1058 1443 tempore
1082 1363 1169 1444 segni

341 1468 414 1527 vote
434 1467 561 1548 patrum.
592 1464 661 1546 quid
685 1466 804 1546 etipse
826 1465 901 1526 viris
924 1467 1133 1528 cunctantibus
1155 1467 1253 1529 adsit?

336 1559 367 1630 ‘o
389 1568 491 1630 miseri
513 1568 690 1649 quicumque
712 1567 772 1630 tuis
796 1568 977 1636 accessimus
1000 1568 1092 1630 actis!

341 1670 453 1734 Phasin
474 1675 505 1736 et
526 1673 646 1736 Aeeten
664 1671 855 1754 Scythicique
877 1671 1012 1752 pericula
1033 1673 1118 1753 ponti
1259 1753 1261 1756 v

341 1767 441 1837 redde'
466 1777 510 1840 ait
524 1769 705 1838 ‘Aesonidez
726 1795 774 1836 me
797 1759 898 1837 tecum
917 1765 1053 1834 solus'in
1072 1793 1184 1856 aequor
1298 1779 1363 1838 380

342 1897 444 1940 rerum
466 1880 561 1942 traxit
580 1900 677 1959 amor,
700 1880 772 1940 dum
794 1896 865 1959 spes
886 1877 959 1938 mihi
980 1877 1088 1938 sistere
1109 1881 1226 1940 montes

311 1996 314 2000 ’
344 1977 484 2061 Cyaneos
506 1983 688 2064 vigilemque
710 1982 802 2042 alium
825 1980 955 2061 spoliare
978 1980 1145 2042 draconem.

344 2083 371 2144 si
392 2085 479 2146 sedet
499 2083 617 2165 Aegaei
639 2088 777 2169 scopulos
800 2085 936 2146 habitere
955 2084 1102 2164 profundi,

344 2186 400 2248 hcc
421 2207 538 2248 mecum
561 2188 704 2252 Telamon
725 2191 853 2271 peraget
874 2178 975 2249 mous.²
999 2187 1074 2248 haec
1095 2187 1147 2248 ubi
1168 2188 1256 2266 dicta,

344 2289 426 2351 haud
448 2310 536 2352 secus
556 2291 724 2355 Aesonides
745 2291 865 2353 monitis
884 2309 1030 2352 accensus
1051 2291 1171 2366 amaris,
1301 2291 1364 2352 385

345 2413 435 2473 quam
455 2394 582 2456 bellator
603 2414 714 2477 equus,
737 2397 830 2474 longa
853 2413 941 2474 quem
963 2393 1073 2472 frigida
1094 2413 1170 2475 pace

325 2500 428 2558 *terra
448 2498 548 2574 iuvat,
568 2498 622 2558 vix
643 2501 675 2559 in
695 2499 800 2559 laevos
822 2496 918 2578 piger.
930 2496 1054 2575 angitur
1072 2497 1170 2572 orbes,

296 2605 307 2616 ‘
346 2599 431 2660 frena
453 2603 554 2662 tamen
576 2603 784 2681 dominumque
805 2599 895 2676 velit,
920 2598 946 2658 si
967 2597 1096 2660 Martius
1118 2619 1209 2661 aures

243 2727 244 2738 ¹
348 2701 460 2762 clamor
478 2705 510 2763 et
532 2704 615 2765 obliti
636 2724 743 2766 rursus
765 2704 866 2783 fragor
887 2702 1012 2782 impleat
1033 2703 1122 2764 aeris.

368 2943 417 2990 363
437 2939 557 2997 QuemO
569 2944 778 3001 Boa.:QuiVP
843 2942 1053 2996 ar1ta1amisV
1119 2940 1303 2993 dilluelleV

263 3025 313 3074 373
333 3023 468 3091 tyrinthius
492 3029 518 3079 V
601 3033 652 3080 374
669 3030 808 3094 inuigilans
826 3046 868 3081 m:
892 3029 1012 3092 inuigans
1035 3027 1093 3090 VP,
1116 3025 1254 3090 iningilans
1271 3028 1305 3076 Μ

263 3107 325 3158 urbe
344 3113 370 3161 P
417 3121 477 3174 post
495 3117 544 3165 375
561 3131 610 3164 aon
628 3118 709 3165 dubito
727 3119 788 3178 quin
804 3131 869 3165 unae
886 3131 971 3166 versae
988 3113 1141 3162 iataaiderit
1210 3118 1259 3164 376
1277 3113 1371 3164 Deser-

264 3234 352 3296 tasque
371 3235 428 3302 Cup:
449 3195 608 3302 Disertisque
631 3240 661 3299 V,
679 3238 842 3302 Disertasque
860 3240 897 3296 P,
920 3235 1104 3298 Deseratasque
1123 3236 1158 3284 Μ
1220 3236 1370 3302 sauciataque

269 3318 296 3367 V
364 3322 478 3385 tempore
495 3324 529 3372 Μ
533 3339 542 3372 .’
566 3327 680 3388 tempora
701 3324 749 3374 VP
820 3321 905 3386 segnis
924 3323 952 3370 P
1033 3321 1083 3369 377
1104 3319 1164 3383 quid
1188 3323 1214 3370 et
1234 3321 1290 3386 ipse
1309 3322 1372 3372 viris

266 3405 439 3456 cunctantibus
457 3406 524 3457 adsit
542 3425 600 3457 num
611 3410 705 3460 Valerii
717 3410 767 3456 siat
780 3405 1021 3456 oeaaneateodubito
1074 3406 1168 3455 assito*
1235 3413 1285 3458 378
1303 3409 1371 3458 ausis

267 3489 392 3538 Columbae
460 3494 510 3544 373
528 3492 627 3542 Phasin
642 3497 667 3542 et
682 3493 778 3541 Aeeten
794 3494 853 3542 ΑΜ.
874 3507 904 3542 c:
921 3488 1032 3540 Phasine
1049 3494 1134 3540 tamen
1149 3493 1206 3552 VP‚
1225 3492 1329 3542 Phasim
1346 3497 1372 3543 et

1007 3570 1023 3598 n

268 3612 342 3660 oeten
359 3612 393 3660 Μ
459 3611 590 3680 pannicula
613 3615 639 3665 V
704 3612 788 3679 poniti
811 3615 837 3666 V
902 3618 951 3664 381
968 3611 1068 3683 motites
1085 3614 1110 3664 V
1176 3619 1225 3666 382
1244 3615 1371 3682 Cyanaeos

271 3695 303 3753 V,
329 3693 450 3760 (tymaeos
468 3699 493 3748 P
578 3703 627 3748 383
645 3700 718 3762 aegei
736 3702 762 3752 V
825 3698 940 3750 habitare
959 3699 1028 3749 MP:
1052 3697 1140 3748 habire
1163 3701 1189 3750 V
1253 3700 1374 3768 profundi

268 3792 309 3828 m:
325 3777 451 3842 profundo
474 3783 521 3832 VP
595 3788 645 3835 384
661 3784 786 3835 beelamon
809 3786 835 3836 V
899 3786 947 3834 hae
961 3788 986 3836 V
1052 3791 1101 3838 386
1121 3788 1191 3852 equis
1211 3792 1236 3841 P
1299 3801 1374 3853 quem

271 3872 307 3930 op:
337 3878 411 3928 quam
432 3866 463 3927 V,
488 3881 535 3930 que
552 3869 577 3918 P
678 3874 727 3922 387
749 3870 820 3920 iubat
841 3873 867 3923 V
951 3886 1024 3936 quem
1041 3887 1168 3923 -crura
1190 3874 1279 3925 iuuant
1302 3874 1372 3933 Ala,
1403 3869 1407 3890 ¹

246 3972 250 3980 ·
270 3967 343 4016 quem
359 3980 393 3989 —
411 3967 485 4002 crura
503 3953 584 4017 ligant
602 3954 739 4004 Gronovius
757 3960 830 4007 dicer.
851 3958 913 4007 Stat.
933 3973 985 4018 cap.
1005 3962 1053 4019 46,
1072 3957 1113 4006 oui
1133 3985 1166 3994 -
1184 3960 1269 4024 Terga
1284 3963 1375 4010 vacant

269 4040 308 4088 vel
326 4053 399 4104 quem
418 4038 502 4103 Terga
526 4038 614 4090 iuvant
630 4042 751 4090 Heinsius
820 4041 863 4091 rix
879 4043 986 4104 scripsi:
1007 4040 1091 4091 brevis
1112 4043 1169 4103 ΜΡ,
1195 4045 1286 4110 quiquo
1303 4045 1373 4103 Aia,

269 4137 315 4172 nec
338 4123 366 4172 in
384 4124 488 4188 exiguos
505 4125 581 4190 piger
598 4127 765 4176 Ilurcaonum.
801 4125 885 4178 breuis
907 4142 960 4175 oum
983 4128 1052 4176 terra
1074 4128 1151 4194 a‘amqi¹
1169 4131 1253 4178 colum
1271 4129 1375 4180 Carrion

271 4215 293 4254 et
313 4211 428 4269 Hecatae
447 4214 536 4262 obsera.
555 4213 588 4260 ad
606 4213 655 4262 Tit.
674 4211 711 4263 IV
731 4218 759 4275 1,
783 4217 813 4263 91
891 4211 979 4262 oorbes
998 4213 1024 4263 V
1109 4216 1158 4262 383
1179 4209 1291 4280 Clangor
1308 4216 1374 4263 Bur-

270 4307 374 4341 nusnuas

416 4665 425 4676 ’
509 4728 892 4926 r‘
