3086 4968
660 426 749 472 carm
768 429 814 484 ιιι.
1241 427 1291 474 rer

177 595 415 687 poterasque&
430 594 499 664 libri
519 593 649 671 habent,
679 611 721 658 ex
741 592 853 658 Aldina
872 595 986 677 partim
1006 593 1209 676 nooipienolmn
1231 597 1288 658 est

180 707 284 772 aaa
302 705 406 768 autem
417 697 525 764 Idmon
546 696 645 760 dietus
666 701 716 760 ast
735 715 796 762 nen
816 696 896 776 quod
910 696 1059 762 adversus
1072 697 1180 779 Mopso
1194 701 1290 762 staret

179 812 332 889 tamquam
364 803 502 868 minister
537 817 707 877 saorornm,
735 799 791 862 sed
819 800 899 882 quod
927 800 1017 864 obvia
1043 803 1201 866 volentate
1229 803 1289 869 ie.

178 913 285 996 parato
305 907 405 973 animo
425 905 568 988 Mopsum
593 902 625 966 in
645 901 790 966 samifioio
810 903 946 966 aesna
963 903 1088 968 adiuvit
1110 939 1152 952 --
1172 908 1235 972 595
1257 905 1291 970 in

179 1018 265 1080 sotor
288 1029 365 1078 vooe
391 1007 580 1074 offenderunt
603 1005 748 1072 Heinsius
777 1009 810 1072 et
829 1005 1101 1087 Eyssenhardtiusr
1128 1007 1180 1072 ille
1200 1027 1288 1090 repo-

181 1116 242 1184 suit
263 1137 315 1184 nso
335 1117 433 1192 aas,
457 1112 506 1178 bio
525 1131 577 1176 neo
597 1113 709 1188 motos,
737 1109 818 1190 qaod
837 1111 885 1174 his
906 1110 1008 1174 verbis
1028 1111 1207 1193 explioavit:
1224 1103 1289 1176 ‘de-

180 1218 280 1302 pingit
299 1220 391 1300 poeta
409 1215 557 1298 placidam
578 1214 674 1280 silvae
696 1213 830 1293 quietem
849 1216 886 1279 nt
907 1217 1009 1278 amant
1028 1217 1138 1298 poetae
1150 1217 1290 1279 naturam

180 1323 325 1389 inmotam
361 1337 429 1384 oum
459 1319 614 1384 hominnm
649 1316 757 1380 animis
787 1317 973 1399 perturbatis
1004 1304 1194 1400 eomparareff
1232 1317 1289 1384 sed

180 1427 291 1488 neuma
311 1422 483 1488 oonieotura
501 1422 617 1504 plaaet,
646 1420 717 1500 qnia
743 1439 821 1486 nuos
846 1421 878 1482 in
900 1439 995 1486 versu
1016 1425 1079 1486 695
1101 1421 1209 1486 deesse
1229 1439 1291 1486 non

179 1529 297 1610 potest,
324 1526 436 1608 qnippe
464 1523 544 1606 quod
570 1523 663 1606 priori
687 1543 765 1588 nuso
792 1524 981 1605 respondeat.
1019 1526 1121 1604 itaque
1146 1524 1291 1590 librorum

181 1631 362 1712 scripturam
397 1645 459 1694 aon
485 1627 581 1708 tetigt
617 1630 701 1694 notos
729 1629 831 1690 autam
856 1626 982 1692 Herouli
1008 1628 1104 1690 silvas
1132 1627 1291 1695 Valerium

182 1733 298 1796 dixisse
324 1733 395 1813 qnia
420 1732 447 1794 is
476 1745 583 1794 ornam
596 1734 695 1804 ‚antea
714 1733 747 1792 et
772 1729 878 1812 Hylan
906 1730 938 1794 in
965 1729 1025 1794 illis
1053 1713 1292 1812 quaesivisses

187 1837 361 1900 Burmanno
381 1835 566 1900 intellectum
587 1837 644 1898 est
682 1853 781 1916 neque
802 1834 915 1914 largior
933 1833 1188 1916 Eyssenhardtio‚
1212 1837 1292 1919 puti-

182 1941 257 2004 dum
273 1958 343 2002 esse
364 1943 461 2017 notos,
479 1958 550 2002 nem
570 1939 660 2020 poeta
681 1956 717 2000 eo
741 1937 911 2018 signilioare
930 1938 1192 2016 sarabattarum
1212 1939 1290 2004 Her-

182 2045 282 2112 onlem
316 2043 348 2108 in
382 2041 476 2108 silvas
504 2059 685 2124 properasse
712 2041 753 2102 ed
777 2040 882 2124 Hylan
912 2043 1123 2124 quaerendam.
1153 2077 1195 2090 -
1227 2047 1292 2106 670

182 2145 254 2210 dedi
275 2165 352 2228 quae
374 2146 406 2210 in
418 2145 566 2209 Vaticano
587 2145 733 2224 leguntur
753 2148 784 2210 ct
803 2163 856 2227 ego
877 2147 907 2208 et
927 2165 1109 2228 parumque
1128 2165 1212 2212 voees
1232 2165 1292 2230 quo

180 2253 311 2332 iapmirra
328 2248 420 2330 fer-ro
443 2249 539 2332 plara
559 2250 684 2326 mmm,
705 2267 774 2310 enm
800 2266 838 2310 ea
864 2266 962 2330 neque
982 2249 1022 2312 ab'
1043 2249 1111 2312 aliis
1132 2251 1293 2316 emendata

183 2373 253 2416 esse
275 2353 454 2430 iudiearem,
481 2369 579 2432 neque
606 2351 674 2432 ipse
696 2350 858 2414 emendare
886 2370 1014 2433 possem.
1052 2353 1107 2416 sed
1128 2353 1230 2418 neseio
1252 2372 1293 2418 an

183 2456 330 2520 Friderioi
341 2455 470 2520 Iaoobsii
489 2456 661 2518 oonieotura
676 2453 791 2518 Valerii
812 2454 907 2518 verba
921 2457 1100 2538 reouperata
1113 2456 1183 2534 sint,
1203 2457 1293 2522 modo

183 2578 238 2643 pro
260 2563 306 2622 ost
326 2561 456 2642 ponatur
476 2561 571 2641 atqua
592 2559 628 2620 nt
646 2557 696 2622 hio
716 2559 828 2622 evadat
847 2578 970 2623 versus:
992 2563 1078 2643 otpae
1096 2565 1208 2644 mama
1223 2582 1294 2645 pao-

183 2681 308 2746 eampae
335 2680 421 2728 oooos
441 2681 565 2743 aequom
593 2664 714 2744 ogmoito
735 2661 827 2740 ferro
847 2662 944 2745 pluro
962 2666 1087 2742 mm,
1114 2665 1199 2728 ouius
1218 2668 1295 2730 haeo

185 2768 235 2830 est
255 2765 421 2828 sententia:
442 2783 511 2826 enm
532 2764 681 2828 Heroules
704 2766 749 2828 ire
773 2765 870 2828 soleat
890 2785 950 2846 qno
971 2766 1037 2848 ipse
1058 2768 1134 2845 vult,
1154 2787 1212 2849 ego
1234 2789 1294 2850 qno

185 2873 221 2932 tu
242 2888 290 2931 me
311 2885 404 2932 voees
426 2885 536 2947 sequar
564 2871 597 2930 et
621 2868 725 2950 plures
754 2870 859 2932 hostes
880 2887 954 2932 ense
980 2870 1112 2934 oeoidam
1132 2889 1221 2952 qnam
1240 2872 1294 2934 ille

185 2972 271 3036 olava
306 2973 339 3034 et
368 2987 449 3034 arou.
494 2971 623 3056 abrupta
651 2973 753 3034 antem
788 2972 883 3036 oratio
911 2973 950 3036 ad
976 2974 1119 3038 ferociam
1144 2975 1295 3055 Meleagri

187 3077 311 3158 egregie
335 3074 483 3139 convenit
502 3107 549 3122 -··
571 3079 630 3138 731
656 3077 725 3138 onais
746 3074 838 3150 dodi,
859 3094 949 3156 qnam
977 3079 1178 3142 oonieotnram
1199 3080 1237 3142 ab
1258 3097 1295 3142 eo

186 3182 239 3263 qui
256 3180 470 3243 Monacensem
497 3177 630 3242 eorrexit
658 3177 754 3259 primo
775 3178 923 3259 prolatam
942 3181 1072 3244 Vossius
1097 3185 1129 3244 et
1149 3181 1295 3245 Heinsius

160 3283 406 3382 probaverunt,
425 3283 461 3342 ut
480 3281 606 3357 eaelum,
625 3279 657 3342 in
678 3282 758 3360 qnod
779 3282 884 3344 stellas
906 3293 1062 3363 emergere
1082 3290 1203 3350 veteres
1224 3305 1295 3368 poe·

186 3397 237 3451 tae
258 3387 429 3462 finxerunt,
449 3384 550 3467 ipsum
570 3386 674 3446 stellas
696 3385 803 3447 tollere
825 3385 981 3448 dioeretnr.
1019 3388 1099 3468 quod
1120 3407 1139 3450 a
1159 3408 1209 3452 me
1225 3408 1294 3472 pro·
1387 3385 1402 3411 ¹

187 3491 322 3572 positum
351 3491 482 3552 estnon
505 3535 539 3550 ..
564 3535 570 3550 .
595 3487 697 3551 atara
717 3489 842 3552 suddit
860 3489 950 3552 anam
971 3490 1016 3552 sio
1035 3491 1129 3555 velim
1149 3491 1294 3573 intellegi,

187 3597 223 3656 ut
244 3612 307 3656 nox
327 3593 435 3656 sidera
449 3591 536 3670 quasi
556 3591 660 3656 iubere
687 3591 804 3654 dioatur
823 3611 864 3653 ex
884 3593 973 3654 undis
995 3613 1160 3676 emergere
1189 3597 1226 3660 ot
1248 3595 1296 3660 IV

189 3702 231 3760 90
253 3719 297 3778 sq.
317 3729 360 3742 --
388 3697 459 3777 post
482 3698 543 3758 737
569 3713 641 3756 num
663 3715 786 3756 versum
807 3694 995 3760 interoidisse
1016 3703 1099 3763 reete
1121 3700 1297 3764 oonieoerirn

187 3801 320 3864 iudicent
347 3800 482 3862 homines
509 3801 597 3862 doot'a
631 3801 718 3881 mgna
746 3799 820 3881 repo
845 3799 925 3879 qnod
953 3821 972 3862 e
996 3803 1168 3865 oonieetura
1189 3801 1297 3884 scripsi

187 3906 280 3986 longe
302 3903 424 3984 quidem
450 3902 513 3966 abit
537 3923 556 3964 a
583 3903 692 3964 litteris
719 3903 856 3981 traditis,
879 3904 933 3966 sed
960 3907 1150 3968 asententn'a
1168 3925 1229 3969 non
1251 3906 1296 3968 in·

187 4011 292 4091 eptam
311 4008 478 4070 videbator.
518 4007 553 4068 of.
571 4005 589 4067 Ι
612 4009 675 4068 710
696 4025 741 4085 sq.
760 4005 856 4086 farus
882 4007 973 4071 tamo
993 4012 1108 4086 iuverat
1130 4010 1300 4091 praesuret

188 4114 292 4176 inania
309 4113 397 4195 ιίριιιι
416 4132 468 4174 oro
484 4112 607 4194 preat,
628 4112 800 4194 sparsaeque
811 4111 911 4193 legens
924 4115 1048 4194 meopte
1062 4115 1144 4176 oona
1156 4113 1188 4173 et
1202 4112 1296 4192 Varg.

189 4217 267 4278 Aen.
288 4216 338 4278 IX
359 4219 423 4280 390
446 4235 489 4296 sq.
509 4213 603 4276 simtrl
623 4217 651 4276 et
674 4216 798 4296 oratrgrir
818 4217 900 4277 retro
921 4216 1072 4279 omorio
1093 4216 1166 4297 legal
1186 4214 1298 4280 damis·

190 4341 248 4402 qtae
267 4322 425 4388 mamona
444 4321 532 4382 errat.
