3110 4972
685 462 708 502 0.
722 461 829 502 vluna!
843 461 941 502 mccl

348 620 395 678 his
417 618 537 678 turbata
558 613 645 674 minis
667 613 775 673 fluvios
796 613 951 694 ripamque
974 613 1101 692 petebat.
1191 649 1193 654 ·
1252 609 1258 630 '¹

347 719 483 782 Phasidis
505 717 620 799 aequali
642 714 819 797 Scythidum
840 716 1000 778 comitante
1021 719 1150 780 caterva.

348 826 441 887 florea
460 820 618 904 perrenni
641 819 737 900 qualis
759 819 831 896 iuga
853 819 940 879 duxit
961 819 1101 900 Hymetti

348 930 401 989 aut
422 925 523 987 Sicula
544 925 601 984 sub
623 940 699 1002 rupe
721 922 827 983 choros
845 921 913 982 hino
935 923 1091 1000 gressibus
1110 926 1237 987 haerens

347 1028 485 1092 Pallados
506 1027 575 1088 hine
597 1044 684 1088 carae
706 1025 886 1104 Proserpina
904 1025 1005 1088 iuncta
1027 1027 1152 1103 Dianae,
1257 1089 1259 1095 ,
1305 1031 1368 1088 345

348 1133 435 1196 altior
452 1150 487 1192 ac
508 1130 591 1191 nulla
612 1129 754 1190 comitum
776 1129 925 1206 certante,
947 1127 1031 1208 prius
1055 1149 1143 1211 quam

347 1234 454 1317 palluit
474 1235 507 1294 et
527 1233 593 1294 viso
613 1233 720 1314 pulsus
740 1230 830 1290 decor
852 1230 948 1292 omnis
968 1229 1106 1306 Averno;

347 1339 418 1399 talis
438 1339 471 1398 et
493 1335 524 1396 iu
546 1335 631 1397 vittis
651 1332 789 1413 geminae
811 1351 880 1392 oum
901 1332 1012 1394 lumine
1034 1336 1142 1396 taedae

348 1439 466 1502 Colchis
490 1441 556 1500 erat
575 1438 707 1499 nondum
723 1435 849 1496 miseros
872 1452 965 1496 exosa
986 1439 1136 1514 parentes.

347 1546 383 1604 ut
399 1541 504 1624 procul
526 1540 653 1601 extremi
676 1537 783 1618 gelidis
806 1555 824 1596 a
844 1536 974 1598 fluminis
996 1539 1085 1600 undis
1304 1542 1369 1600 350

347 1646 444 1728 prima
466 1644 548 1705 viros
570 1643 660 1706 tacito
683 1641 758 1702 vidit
779 1641 941 1721 procedere
963 1659 1065 1721 passu,

347 1747 481 1809 substitit
504 1767 539 1809 11
558 1749 674 1809 maesto
693 1744 840 1806 nutricem
863 1743 963 1804 adfata
982 1744 1087 1806 timore
1109 1748 1164 1808 est.

343 1843 434 1930 ‘quae
453 1871 560 1912 manus
583 1853 674 1926 haec,
696 1852 777 1911 certo
800 1866 856 1908 ceu
878 1866 927 1907 me
949 1850 1034 1926 petat
1055 1851 1191 1930 agmine,
1213 1854 1317 1924 mater,

346 1954 470 2015 advenit
490 1954 564 2015 haut
586 1953 694 2029 aunis,
715 1952 795 2013 haud
817 1968 959 2030 umquam
981 1952 1101 2030 cognita
1122 1954 1222 2014 cultu?

346 2075 456 2138 quaere
478 2056 595 2136 fugam,
617 2076 739 2139 precor,
761 2057 792 2114 et
813 2057 896 2114 tutos
918 2051 1112 2136 circumspice
1136 2047 1246 2116 saltus?
1303 2057 1366 2115 355

347 2160 430 2222 audit
451 2157 581 2238 virginei
603 2161 705 2219 custos
728 2158 902 2236 grandaeva
918 2156 1046 2236 pudoris

347 2262 516 2337 Henioche,
537 2261 637 2322 cultus
658 2261 745 2341 primi
767 2260 816 2320 cui
839 2259 971 2320 creditus
994 2261 1077 2334 aevi;

346 2368 412 2427 tum
434 2364 582 2446 trepidam
603 2363 690 2424 dictis
711 2363 834 2426 firmans
854 2365 991 2424 hortatur
1014 2365 1172 2426 alumnam.
1263 2351 1269 2364 ”

342 2462 414 2530 ‘non
438 2467 492 2529 tibi
515 2468 553 2529 ab
575 2467 663 2527 hoste
685 2465 783 2526 minae
805 2485 861 2527 nec
882 2457 937 2525 vis’
958 2465 1000 2526 ait
1016 2459 1091 2527 ‘ulla
1111 2466 1293 2547 propinquat

346 2590 402 2632 nec
420 2572 535 2640 metus;
564 2570 689 2628 externo
709 2566 768 2627 iam
789 2567 927 2627 flammea
947 2568 1059 2630 murice
1082 2589 1170 2630 cerno
1302 2572 1366 2629 360

345 2672 496 2749 tegmina,
517 2667 577 2729 iam
598 2668 691 2729 vittas
712 2668 908 2747 frondemque
929 2669 1046 2731 inbellis
1068 2673 1172 2732 olivae.

308 2773 313 2781 '
346 2770 457 2834 Graius
478 2773 579 2848 adest,
602 2768 693 2832 Graio
717 2769 760 2831 sic
780 2775 888 2832 cuncta
910 2771 1060 2836 simillima
1081 2767 1207 2836 Phrixo?

411 2934 461 2996 Sic
482 2935 532 2996 ait.
576 2937 608 2996 at
630 2933 722 3012 Iuno,
745 2933 902 3014 pulchrum
921 2935 1098 3015 longissima
1116 2938 1233 3018 quando

345 3038 436 3098 robur
457 3057 528 3098 cura
550 3037 634 3098 ducis
653 3037 814 3117 magnique
835 3038 924 3098 edere
946 3039 1074 3116 labores,

345 3141 424 3202 mols
445 3158 524 3202 nova
542 3143 575 3201 ct
593 3158 699 3200 roseae
718 3137 850 3222 perfudit
872 3140 939 3201 luce
960 3141 1109 3204 iuventae.
1233 3209 1235 3213 ,
1299 3145 1361 3204 365

343 3244 403 3306 iam
425 3243 550 3306 Talaum
571 3241 689 3322 iamque
706 3242 896 3324 Ampyciden
918 3245 1060 3324 astroque
1080 3246 1233 3306 comantes

360 3532 410 3579 342
428 3529 527 3595 aequali
551 3527 699 3598 Schytidum
718 3529 748 3576 0:
775 3528 917 3594 aequalisq:
939 3528 1039 3580 thidum
1061 3531 1092 3589 V,
1123 3527 1222 3594 aequali
1240 3528 1362 3597 dryadm

256 3599 296 3677 ψ’
351 3613 564 3665 1111111111
647 3617 698 3662 111
714 3612 805 3662 herens
827 3615 853 3664 V
940 3619 990 3665 aas
1009 3615 1166 3665 1111111111.
1194 3613 1275 3664 adhuc
1291 3613 1362 3664 mitis

254 3698 330 3755 Ata,
349 3686 376 3744 at
393 3695 421 3745 in
437 3697 507 3748 vittis
519 3703 557 3749 ool
570 3697 591 3748 it
602 3698 619 3746 i.
629 3714 652 3747 v.
662 3699 782 3746 Heinsius
852 3696 1128 3762 geminaequeins'dem
1202 3698 1312 3749 tedaeV

254 3785 305 3832 343
323 3785 589 3841 castrametatur
606 3784 710 3831 Heinsio
727 3797 755 3831 ac
768 3778 880 3840 sortasse
897 3785 1018 3832 tollendus
1099 3789 1149 3836 362
1167 3788 1247 3834 mesto
1269 3785 1295 3835 17

254 3869 305 3917 363
323 3863 413 3932 mater]
432 3870 520 3917 nostro
538 3869 617 3926 lica,
634 3866 719 3915 nutrix
735 3868 794 3915 Aea
884 3871 934 3918 364
951 3868 1063 3920 Aduenit
1080 3871 1123 3920 M:
1140 3868 1253 3919 Aduenis
1267 3870 1293 3919 V

253 3955 298 4003 aut
319 3953 345 4003 17
462 3957 511 4004 356
532 3951 660 4017 grandense
685 3955 710 4003 V
828 3952 1010 4004 357Enioche
1034 3956 1059 4005 17
1178 3955 1303 4006 3661111
1320 3970 1357 4003 m:

252 4036 332 4086 Necte
348 4038 377 4089 17.
397 4037 482 4088 Flecte
501 4042 539 4088 111
556 4037 630 4086 Mitte
645 4040 738 4086 metum
756 4040 877 4088 Heinsius
964 4055 1021 4090 nani
1039 4041 1160 4090 Heinsius
1227 4043 1278 4090 361
1299 4053 1359 4089 nam

252 4121 374 4172 Haustus
459 4128 508 4174 362
528 4122 574 4191 sic]
595 4126 717 4174 suntme.
806 4128 857 4176 363
876 4129 901 4175 et
919 4126 953 4175 M
1035 4125 1152 4192 pulcrum
1165 4127 1198 4176 M
1210 4123 1358 4190 (pulchrmn

252 4220 315 4256 corr,
334 4207 367 4272 m)
455 4207 886 4262 3641111131111111111111111,
907 4211 921 4260 I
940 4217 985 4260 21:
1005 4211 1091 4261 sedere
1110 4213 1140 4272 V,
1161 4211 1290 4262 dederet'

250 4294 300 4342 336
319 4292 397 4342 talum
415 4294 449 4342 Μ
464 4292 567 4358 (talama
585 4310 647 4345 corr.
669 4293 717 4360 m),
743 4293 831 4345 calaim
850 4297 924 4345 111111
943 4309 1030 4346 mnus
1047 4298 1064 4346 1.
1084 4311 1160 4360 maru.
1251 4311 1356 4364 empye·

249 4373 297 4426 den
314 4377 347 4424 M

582 4652 747 4736 ἡ
